3040 5082
269 425 345 495 lat

353 599 392 663 ut
416 599 441 664 si
464 601 643 670 sinceritas,
672 619 730 682 qua
760 605 864 660 serm.
888 599 1033 682 princeps
1061 599 1090 660 iu
1114 617 1216 662 omnes
1241 593 1311 660 ΜΨ.
1338 602 1467 662 vestrae

263 707 345 796 (l'ol.
366 705 426 793 10)
444 706 590 770 utilitates
606 707 734 780 ducitur,
761 703 816 770 lili.
834 704 955 772 vestrae
979 709 1053 770 satis
1075 705 1269 789 comprobata
1286 726 1360 769 esse
1376 705 1468 770 vide-

261 820 326 890 tur,
352 818 378 879 si
403 815 525 901 quidem
547 836 599 879 sua
617 816 765 878 serenitas
781 815 812 876 in
829 819 932 879 centro
949 816 1048 899 posita
1065 819 1113 878 est
1126 815 1204 878 inter
1227 814 1308 877 blm.
1326 818 1466 878 vestram

261 927 293 986 et
308 923 438 988 Sreciae
450 943 556 1005 regem
568 923 818 1007 blajestatumque
829 927 998 988 vestrarum
1012 922 1211 988 resolutiones
1224 924 1355 986 omnium
1370 942 1466 1006 opor-

259 1031 417 1096 tunissime
436 1037 581 1114 utraeque
599 1031 678 1115 parti
694 1031 852 1116 reciproce
871 1031 1132 1096 communicandas
1148 1049 1329 1114 promovero
1344 1035 1463 1114 potest.

260 1139 406 1203 Maximae
422 1138 571 1202 felicitati
585 1139 711 1202 duceret
724 1160 777 1203 sua
794 1140 952 1213 serenitas,
969 1140 996 1203 si
1011 1143 1110 1204 restra
1123 1137 1266 1218 ldajcstas
1279 1138 1465 1219 dignaretur

260 1266 344 1310 suam
361 1247 556 1310 serenitatem
572 1247 759 1313 inSrecicae
776 1248 860 1332 pacis
877 1248 1090 1312 mediationem
1106 1247 1275 1319 admittere,
1292 1249 1465 1331 appromit·

258 1359 326 1418 tens
353 1351 409 1416 lli.
426 1359 561 1428 restrae,
586 1376 621 1418 se
638 1355 790 1433 uberima,
818 1357 928 1420 sinceri
945 1361 976 1420 et
992 1356 1178 1420 devotissimi
1195 1357 1244 1418 sui
1263 1355 1353 1418 animi
1370 1355 1461 1436 signa

259 1462 406 1527 edituram
430 1463 496 1526 iore
514 1467 545 1525 et
561 1483 595 1525 se
613 1462 697 1525 idm.
718 1469 852 1528 vestram
873 1465 1034 1528 utilissime
1056 1464 1180 1528 servire.
1215 1462 1461 1547 assumpturos

258 1591 331 1635 suae
351 1572 524 1635 serenitatis
548 1570 585 1632 ad
607 1573 792 1653 majestatem
810 1577 939 1636 vestram
957 1571 1102 1656 expediti,
1127 1570 1175 1635 vel
1192 1573 1222 1632 in
1244 1566 1310 1633 Mffl.
1333 1575 1461 1636 restrae

257 1679 416 1744 utilitatum
429 1681 615 1764 promotione
633 1681 810 1745 itinerantes
823 1682 951 1745 ministri
967 1701 984 1744 a
1000 1678 1066 1744 blffl.
1090 1685 1209 1744 vestrae
1225 1678 1409 1745 officialibus
1429 1684 1461 1742 et

255 1787 459 1868 generalibus,
476 1805 601 1870 quorum
616 1793 700 1851 esset
711 1808 764 1852 eos
782 1807 839 1852 non
856 1788 1003 1870 impedire
1013 1786 1068 1850 sed
1082 1805 1270 1872 promovere,
1287 1786 1459 1850 inPolonia

256 1894 305 1958 vel
327 1897 437 1958 retenti
458 1893 505 1958 vel
527 1891 565 1957 ab
589 1895 726 1960 omnibus
751 1898 815 1960 suis
840 1896 1081 1981 expeditionibus
1097 1895 1206 1977 privati
1222 1898 1344 1965 essent,
1371 1895 1458 1958 siout

256 2001 368 2066 accidit
393 2002 561 2066 reverendo
579 2003 657 2086 patri
672 2002 758 2076 Frui,
781 2006 831 2087 qui
854 2004 892 2067 ad
908 1999 964 2066 bii.
989 2009 1109 2066 vestrae
1133 2001 1346 2083 significandas
1364 2003 1456 2084 regis

256 2110 385 2175 Sueciae
406 2109 609 2173 resolutiones
631 2115 663 2174 et
686 2112 860 2195 brigadiero
883 2113 927 2176 ba
951 2111 1054 2188 llere,
1079 2111 1130 2194 qui
1152 2111 1183 2172 in
1199 2109 1258 2174 boc
1275 2113 1398 2190 negotio
1417 2111 1457 2174 ad

254 2237 359 2300 regem
371 2217 659 2285 christianissimum
675 2221 832 2302 expeditus
849 2225 923 2292 erat,
939 2222 1008 2284 itern
1028 2219 1143 2284 etmihi
1159 2217 1231 2301 ipsi,
1248 2224 1351 2280 serm.
1365 2220 1457 2300 prin-

256 2347 329 2411 ceps
362 2326 516 2390 bumilime
539 2332 676 2408 rogatam
706 2327 798 2390 babet
822 2327 903 2391 ld‘ffl.
934 2332 1076 2399 vestram,
1100 2327 1242 2408 dignetur
1263 2331 1364 2390 vestra
1381 2325 1457 2390 ΜΝ.

254 2436 436 2500 officialibus
452 2437 516 2498 suis
539 2437 570 2498 in
586 2435 707 2499 Polonia
732 2437 1011 2501 commendantibus
1027 2436 1201 2520 injungere,
1229 2440 1262 2500 ut
1276 2457 1349 2502 suae
1366 2456 1459 2500 sere-

252 2545 354 2608 nitatis
370 2544 523 2608 ministros
540 2543 651 2627 ubique
667 2544 794 2627 pacifice
810 2547 864 2619 ire,
882 2547 984 2610 redire
1000 2549 1031 2609 et
1048 2549 1227 2620 commorari
1241 2545 1430 2630 permittant.

342 2651 482 2716 Vltimate
505 2651 659 2715 bumilime
680 2651 777 2716 habeo
792 2654 1080 2737 repraesentandum
1096 2651 1151 2718 ld‘l.
1168 2663 1287 2720 vestrae
1310 2673 1379 2718 oum
1402 2672 1455 2715 me

252 2763 289 2826 ad
302 2760 574 2846 repraesentandos
588 2781 661 2824 suae
670 2761 842 2825 serenitatis
853 2781 945 2845 supra
957 2761 1454 2845 specificatasregistibristianis-

252 2871 323 2933 simi
338 2868 558 2940 resolutiones,
591 2889 627 2931 ex
643 2867 741 2934 Gallie
762 2869 903 2934 reducem
920 2875 989 2954 post
1005 2876 1185 2956 perceptum
1209 2891 1301 2956 super
1326 2869 1454 2934 easdem

251 2973 316 3040 ΜΨ.
333 2983 453 3041 vestrae
468 2997 645 3062 responsum
667 2997 721 3041 sun
738 2980 887 3042 serenitas
905 2979 943 3042 ad
959 2979 1185 3044 continuandam
1201 2999 1297 3045 meam
1315 2977 1352 3042 ad
1370 2979 1451 3042 latus

251 3106 325 3150 suae
341 3082 407 3148 ΜΨ.
425 3083 700 3149 Christianissimae
724 3091 755 3150 et
775 3088 961 3151 serenissimi
977 3087 1122 3152 Barariae
1144 3088 1295 3152 Electoris
1318 3085 1450 3166 ablegati

254 3195 300 3257 sui
321 3194 503 3257 functionem
525 3195 733 3277 reexpediret,
757 3201 968 3278 repraesentat
989 3200 1020 3259 et
1040 3195 1128 3260 offert
1149 3215 1203 3260 sua
1225 3196 1376 3258 serenitas
1392 3190 1450 3258 ldfi.

251 3306 373 3365 vestrae
385 3301 539 3366 humilima
553 3307 584 3365 et
596 3302 788 3365 devotissima
802 3322 867 3366 mea
877 3305 1010 3368 servitia.
1023 3303 1154 3368 Ordines
1165 3304 1275 3374 habeo,
1284 3303 1450 3383 Augustis-

250 3411 318 3474 simi
343 3411 520 3496 lmperator,
545 3411 683 3474 mandata
708 3408 774 3473 Mb.
797 3416 917 3475 vestrae
944 3413 1010 3495 pari
1039 3411 1185 3478 fidelitate
1212 3431 1337 3486 curare,
1369 3415 1449 3476 sicut

251 3537 324 3582 suae
337 3521 513 3582 serenitatis
526 3521 659 3603 propria.
673 3520 882 3584 beatissimum
894 3541 941 3585 me
953 3521 1153 3603 predicarem,
1163 3522 1190 3584 si
1203 3521 1241 3586 ad
1253 3522 1446 3603 exequendos

252 3627 488 3710 qualescumque
503 3623 568 3690 Mffl.
587 3632 707 3691 vacuae
723 3627 845 3691 ordines
863 3629 972 3710 dignus
989 3629 1151 3712 reperirer.
1403 3703 1407 3710 f

341 3734 423 3821 (Fol.
445 3735 504 3821 ll)
522 3737 567 3798 De
584 3735 699 3819 reliquo
716 3736 873 3801 foelicitati
891 3758 964 3801 suae
981 3735 1064 3802 ducit
1081 3757 1151 3802 esse
1168 3743 1272 3800 serffil'.
1299 3737 1444 3819 princeps

246 3842 445 3907 triennalibus
469 3845 534 3908 suis
558 3843 776 3927 propemodum
799 3845 915 3926 fatigiis
932 3851 962 3908 et
983 3845 1138 3910 laboribus
1164 3844 1317 3908 adomnia
1334 3864 1370 3908 ea
1388 3841 1442 3906 ΜΕ.

249 3956 371 4015 restrae
395 3953 471 4015 riam
497 3952 693 4037 adaperuisse
717 3953 753 4014 ad
778 3972 855 4035 quae
870 3955 1032 4035 pervenire
1049 3953 1131 4016 ΜΨ
1149 3958 1279 4016 vestram
1296 3952 1400 4016 devoti
1416 3937 1446 4016 et

248 4061 361 4124 sinceri
384 4060 486 4123 cordis
511 4061 620 4124 affectu
639 4059 803 4124 desiderat.
827 4061 893 4124 Nec
920 4081 955 4124 ee
972 4062 1045 4145 quid
1064 4063 1175 4142 justius
1193 4066 1336 4144 exoptare
1353 4081 1445 4144 posse

248 4168 360 4241 credit,
386 4187 472 4254 quam
489 4167 622 4231 realibus
640 4163 706 4230 lli&
730 4173 848 4232 vestrae
872 4169 1071 4254 protectionis
1088 4169 1184 4252 signis
1202 4175 1233 4234 et
1249 4171 1441 4253 appropriato

247 4277 447 4360 protectionis
465 4297 538 4340 suae
554 4275 661 4339 auxilio
679 4277 849 4360 quantotius
866 4278 935 4341 frui.

464 4387 619 4468 Augustae
635 4381 703 4446 Mic
721 4391 842 4448 vestrae
858 4385 1072 4469 Imperatoriae

896 4493 1044 4556 (ilicetum
1061 4492 1228 4556 humilimus

1105 4602 1156 4663 De
1180 4600 1327 4664 Vettes.
