3066 5078
265 441 341 513 348

351 616 544 682 Adiecerunt
565 619 684 682 interim
708 619 923 684 Dominationis
946 618 1074 682 Vestrae
1094 618 1132 682 de
1155 619 1224 684 dato
1248 621 1304 685 20·
1319 619 1466 702 Januarij

261 725 297 790 ad
315 745 397 789 suam
413 727 605 790 serenitatem
622 732 762 791 sonantes
774 727 890 798 literae,
904 727 1054 811 inquibus
1068 728 1153 811 plura
1167 729 1205 792 de
1218 733 1296 791 statu
1313 731 1464 809 negotio-

258 853 324 896 rum
340 837 440 897 ectum
456 833 645 898 existentium
661 835 805 908 notificat,
819 836 901 899 etde
917 836 1196 918 praeparationibus
1213 842 1273 899 tam
1287 837 1325 900 ad
1339 837 1464 899 Bellum

165 971 168 976 ·
258 961 344 1026 qvam
359 941 396 1004 ad
415 961 518 1023 paoem
535 943 692 1014 ordinatis,
709 943 746 1006 ad
762 963 797 1006 ea
810 963 887 1028 qvae
902 941 974 1006 belli
990 948 1068 1014 sunt,
1086 964 1145 1007 non
1161 949 1209 1007 est
1230 945 1301 1028 quid
1317 965 1461 1027 respon-

262 1049 364 1121 deam,
390 1069 455 1112 nam
471 1054 590 1134 tempus
606 1051 745 1123 docebit;
771 1051 850 1134 qvod
872 1057 970 1114 autem
994 1055 1152 1115 tractatum
1167 1053 1252 1135 pacis
1268 1053 1393 1124 attinet,
1427 1073 1467 1115 ex

261 1154 511 1220 antecedentibus
534 1158 609 1220 meis
630 1159 734 1222 ridere
757 1160 854 1242 potuit
869 1179 942 1224 suae
959 1159 1131 1222 serenitatis
1153 1159 1334 1223 voluntatem
1350 1161 1465 1222 Domi·

262 1263 342 1328 natio
364 1262 472 1328 Vestra
489 1265 533 1328 de
556 1287 622 1330 suo
646 1267 788 1340 reditu,
813 1267 892 1352 quod
920 1271 1002 1330 tauto
1020 1268 1116 1347 magis
1133 1267 1304 1331 accelerare
1320 1267 1465 1339 debebit

262 1377 370 1457 quanto
388 1373 609 1457 expeditionem
630 1375 755 1438 denuo
772 1375 864 1439 binc
892 1395 993 1438 suam
1017 1377 1220 1440 necessariam
1236 1397 1305 1439 esse
1321 1376 1463 1448 videbit3

261 1481 505 1546 Praeliminarem
521 1484 640 1565 quidem
658 1489 817 1548 tractatum
833 1484 991 1568 abruptum
1004 1484 1065 1566 jam
1083 1503 1153 1563 esse
1170 1485 1290 1569 quidam
1307 1485 1462 1558 credunt,

262 1591 331 1675 quia
346 1599 445 1654 tamen
468 1591 541 1654 nibil
557 1594 807 1676 praetereundum
830 1597 877 1656 est
893 1613 928 1656 ex
949 1599 1034 1676 parte
1057 1597 1175 1662 nostra,
1198 1592 1267 1656 ideo
1283 1593 1459 1657 Dominatio

262 1698 369 1762 Vestra
393 1699 429 1760 in
454 1699 600 1774 reditu,
623 1704 693 1763 tam
719 1700 763 1764 de
787 1701 904 1764 rebus
928 1701 1090 1782 agendis
1108 1720 1212 1785 quam
1236 1701 1460 1785 sumptibus

259 1809 377 1891 accepit
392 1807 510 1890 plenam
522 1828 594 1872 suae
611 1811 785 1874 serenitatis
798 1808 1027 1881 ordinationem,
1056 1805 1226 1892 sumptuum
1238 1811 1356 1892 quidem
1371 1811 1459 1873 diffi-

259 1915 401 1980 cultatem
416 1916 482 1999 ipsa
498 1917 666 1981 Dominatio
696 1917 802 1980 Vestra
819 1923 919 1999 auget,
936 1917 1004 1980 dum
1033 1937 1186 2001 parvam
1210 1916 1328 1980 uobis
1353 1918 1460 1982 tacit

260 2043 363 2106 spem
388 2024 434 2087 de
458 2022 661 2089 subsidiue
685 2025 787 2088 iubis
811 2027 875 2088 suis
899 2024 1006 2087 literis.

353 2113 457 2195 Quoad
479 2115 632 2196 negotium
655 2135 733 2179 cum
749 2114 886 2186 Osaro,
911 2114 1007 2197 ampla
1022 2114 1072 2178 hio
1089 2114 1228 2197 superius
1251 2119 1299 2178 est
1315 2115 1460 2179 declara-

259 2222 301 2284 tio
319 2226 350 2284 et
366 2242 405 2285 ne
420 2223 725 2304 repraesentationem
757 2223 903 2286 domini
937 2222 1055 2284 Torsi
1086 2222 1300 2294 tardarent,
1335 2221 1457 2286 credo

259 2328 400 2391 domini
424 2330 652 2394 Desalleurs
675 2350 730 2412 per
754 2329 841 2393 aliam
863 2330 940 2393 uiam
964 2329 1061 2391 eidem
1084 2327 1163 2392 facta
1187 2327 1354 2392 notificatio
1385 2330 1457 2393 esli-

260 2436 334 2506 ciet‚
370 2436 598 2519 judiearemque
633 2436 742 2500 bonum
774 2456 860 2508 esse,
898 2440 931 2498 ut
965 2441 1128 2500 extractum
1159 2437 1262 2499 barum
1293 2437 1453 2502 literarum

257 2565 399 2616 mearum,
423 2546 453 2608 in
477 2549 617 2630 quantum
633 2546 709 2610 banc
725 2544 844 2609 scilicet
876 2545 1189 2626 negotiationem
1220 2565 1299 2608 cum
1331 2544 1455 2610 Csaro

258 2655 479 2724 concernit,
526 2653 675 2717 domino
727 2653 842 2718 Torsi
891 2653 1071 2716 traderet
1110 2652 1278 2716 Dominatio
1318 2651 1453 2726 Vestra;

258 2761 321 2824 fors
345 2780 476 2823 mearum
493 2758 646 2823 literarum
679 2765 843 2824 extractum
875 2781 945 2824 esse
976 2760 1093 2832 ridens,
1125 2760 1173 2823 vel
1195 2762 1262 2844 ipsa
1290 2762 1455 2825 euriositas

258 2867 295 2930 ad
312 2866 471 2948 legendum
488 2868 586 2950 ipsum
610 2867 732 2931 inducet
755 2867 855 2939 citius,
867 2887 953 2950 quam
970 2865 1067 2929 solum
1090 2868 1308 2931 Dominationis
1327 2868 1458 2933 Vestrae

259 2976 415 3057 scripturn.

348 3082 570 3163 lnexpectatam
582 3082 669 3146 video
686 3083 775 3146 iubis
792 3082 889 3146 literis
901 3084 1073 3146 memoriam
1087 3083 1155 3152 mei,
1173 3086 1204 3144 et
1215 3082 1292 3166 qvod
1310 3102 1378 3166 pro
1404 3103 1456 3146 me

260 3191 303 3254 de
328 3210 443 3253 aureo
467 3191 617 3254 vellere
652 3191 874 3255 resolutum
906 3192 975 3262 sit;
1001 3191 1163 3254 credebam
1191 3191 1268 3252 enim
1288 3190 1352 3272 jam
1377 3192 1455 3256 banc

256 3298 384 3362 oblatam
410 3299 503 3360 semel
526 3298 721 3380 praeteriisse
746 3299 884 3377 gratiam,
909 3296 947 3358 de
963 3318 1020 3381 qva
1047 3296 1193 3360 recordor
1209 3317 1257 3359 me
1285 3298 1450 3381 scripsisse

257 3411 325 3468 ante
349 3425 468 3468 menses
490 3406 604 3489 aliquos
620 3407 819 3469 Dominationi
835 3404 973 3468 Vestrae.
999 3405 1032 3468 Si
1056 3405 1157 3488 itaque
1181 3405 1370 3486 benignitate
1398 3407 1452 3470 bac

259 3513 478 3576 condecoratus
502 3512 599 3585 fuero,
624 3533 680 3576 uon
697 3514 763 3575 volo
780 3513 889 3578 deesse
910 3512 1078 3596 sumptibus
1096 3512 1296 3576 Dominatioui
1313 3513 1451 3586 Vestrae,

259 3625 290 3683 et
306 3620 385 3683 sieut
401 3621 527 3683 antebac
540 3621 602 3700 jam
618 3622 810 3704 scripseram,
828 3621 854 3683 si
873 3641 909 3682 ex
924 3620 1063 3704 pecunijs
1079 3619 1208 3702 subsidij
1226 3621 1321 3684 exolvi
1342 3623 1452 3704 poterit

259 3747 316 3808 ego
340 3728 389 3789 hic
406 3728 504 3790 statim
525 3727 659 3798 reddam,
687 3747 764 3810 qvae
780 3728 917 3790 voluntas
938 3729 1026 3790 etiam
1050 3747 1122 3790 suae
1145 3728 1319 3790 serenitatis
1336 3735 1394 3792 est.
1419 3729 1451 3792 si

257 3854 329 3898 vero
347 3853 382 3896 ex
399 3832 544 3914 subsidijs
561 3833 627 3896 fieri
644 3855 701 3898 non
717 3840 818 3917 potest
834 3834 972 3905 exolutio,
990 3835 1054 3898 sire
1071 3833 1371 3918 Constantinopolim,
1389 3839 1450 3900 sire

260 3942 445 4013 Dantiscum,
464 3947 513 4004 aut
530 3961 709 4026 quocunque
725 3948 756 4005 et
778 3942 1022 4028 qualitercunque
1038 3942 1204 4014 ordinetur,
1231 3943 1379 4007 cambium
1396 3964 1449 4025 ego

259 4049 408 4120 exolvam;
435 4048 520 4111 aliter
545 4051 622 4112 enim
645 4050 715 4112 hinc
739 4052 816 4113 mitti
839 4051 967 4133 pecunia
991 4051 1109 4132 nequit;
1136 4054 1270 4133 optarem
1299 4053 1448 4115 omniuo

259 4156 384 4218 vellus
427 4149 594 4220 aureum*
628 4177 705 4219 eum
749 4159 975 4241 requisitis,
1018 4157 1055 4220 si
1085 4177 1216 4220 secum
1251 4158 1448 4224 adducere

257 4263 426 4326 Dominatio
438 4263 545 4326 Vestra
562 4265 669 4346 possit,
683 4283 739 4326 nec
752 4264 854 4327 dubito
867 4265 905 4326 de
921 4263 1087 4346 sumptibus
1100 4265 1284 4346 necessarijs
1301 4265 1340 4329 ad
1358 4286 1446 4329 meam

259 4371 407 4453 parolam,
432 4371 599 4434 Dominatio
616 4372 723 4435 Vestra
740 4372 911 4434 adinveniet
927 4371 1055 4433 modurn.

349 4477 395 4539 De
411 4475 572 4558 tapetibus,
589 4482 620 4540 et
636 4498 711 4562 qvae
727 4476 785 4540 alia
801 4478 832 4539 iu
847 4478 943 4540 literis
967 4479 1183 4543 Dominationis
1208 4477 1337 4542 Vestrae
1354 4480 1446 4544 eonti-

258 4589 376 4654 nentur,
393 4582 562 4646 certiorabo
590 4585 814 4648 serenissimum
839 4585 1020 4668 Principem,
1042 4586 1126 4667 jussa
1144 4586 1279 4668 ejusdem
1301 4586 1447 4670 prestola-
