3040 5082
1190 430 1265 500 raa

6 617 8 664 t
65 600 91 656 ut
114 596 181 677 ejus
206 598 373 662 utilitatum
396 605 427 663 et
453 602 668 666 interessorum
692 602 963 666 considerationem
988 606 1018 666 et
1033 601 1270 669 elaborationem

64 722 111 764 sua
130 703 204 767 blm.
222 704 485 771 christianissima
501 729 555 792 pro
577 709 770 773 fundamento
789 713 820 774 et
831 708 897 773 basi
917 730 989 773 suae
1006 732 1073 776 cum
1089 713 1150 776 ld“.
1168 717 1267 778 vestra

5 803 7 856 ἶ
63 813 212 877 ineundae
230 815 508 880 confoederationis
524 824 625 901 ponat.
652 819 689 881 Et
705 824 737 882 ut
753 839 841 903 quam
855 819 982 904 primum
995 821 1031 884 ad
1045 823 1072 884 ei
1085 821 1268 904 praestanda

5 931 6 1010 j
64 919 200 986 effectiva
220 924 333 987 auxilia
350 925 428 988 blm.
452 933 552 990 vestra
568 948 603 990 se
619 926 797 999 resolverit,
825 927 925 990 statim
948 934 979 991 et
999 950 1036 994 en
1058 929 1138 993 facto
1161 951 1196 994 se
1212 951 1268 1013 pro

4 1045 6 1122 J
63 1028 204 1110 colligato
218 1037 254 1094 et
270 1031 375 1096 alliato
392 1031 463 1096 ΜΨ.
480 1042 599 1098 vestrae
615 1036 750 1118 reputari
768 1034 923 1099 desiderat
940 1056 994 1100 sua
1011 1035 1268 1100 christianissima

64 1136 128 1199 blm.
153 1158 215 1204 nec
239 1160 348 1224 pacem
371 1143 568 1208 universalem
585 1145 652 1207 sine
676 1140 742 1206 blm.
768 1146 940 1208 vestraein
964 1164 1029 1208 eam
1046 1145 1215 1210 inclusione
1233 1166 1268 1210 se

4 1247 6 1322 {
62 1252 259 1310 tractaturam
276 1252 361 1330 regia
378 1249 440 1315 fide
455 1251 650 1335 appromittit.

149 1357 324 1440 Antequam
339 1359 432 1440 igitur
448 1361 524 1424 haec
541 1361 637 1424 omnia
655 1381 710 1445 per
726 1360 962 1426 denominandos
975 1360 1058 1448 (Fol.
1071 1360 1110 1448 o)
1121 1362 1266 1428 solennes

3 1525 5 1558 ζ
64 1458 123 1524 llffi.
141 1471 272 1529 vestrae
289 1465 367 1553 (quo
385 1489 419 1532 se
435 1468 575 1532 honorari
592 1489 645 1532 rex
660 1487 779 1553 quoque
797 1466 1076 1533 Christianissimus
1095 1467 1267 1555 desideret)

3 1579 5 1664 t
64 1577 91 1633 et
104 1573 240 1655 praefati
268 1578 353 1658 regis
371 1577 488 1658 legatos
505 1597 572 1642 cum
595 1576 663 1641 aliis
680 1577 911 1662 particularibus
933 1577 1099 1661 lmperialis
1116 1583 1147 1642 et
1162 1579 1268 1662 regiae

3 1677 4 1724 ἓ
63 1681 139 1744 ll‘¹'.
157 1687 334 1748 vestrarum
357 1685 576 1748 convenientiis
597 1685 660 1749 suis
682 1684 778 1748 modis
796 1684 1004 1769 projectentur
1024 1690 1055 1748 et
1077 1687 1267 1770 stipulentur,

62 1799 118 1856 tum
135 1815 194 1858 sua
211 1793 299 1866 blm„
315 1797 376 1856 tum
394 1799 497 1856 serm&
521 1793 665 1876 princeps
689 1792 905 1856 resolutionem
929 1789 996 1856 llffi.
1019 1798 1140 1857 vestrae
1163 1793 1266 1858 debito

63 1901 207 1964 amititiae
232 1900 344 1964 ellectu
368 1905 400 1963 et
429 1900 582 1965 humiltme
606 1905 748 1985 expetunt
777 1900 815 1963 de
844 1899 1082 1964 administrando
1108 1902 1267 1983 omnigeno

63 2008 200 2090 possibili
228 2007 355 2082 auxilio,
373 2008 452 2092 quod
468 2006 524 2072 bl‘l.
543 2013 661 2073 vestrae
683 2028 758 2072 suae
782 2008 940 2072 serenitati
961 2029 1017 2091 per
1032 2013 1142 2091 puncta
1160 2029 1267 2072 nonum

63 2123 91 2180 et
111 2117 265 2181 decimum
288 2121 435 2180 tractatus
450 2115 663 2180 Varsoviensis
680 2115 809 2199 benigne
825 2116 1042 2198 appromittere
1059 2113 1187 2199 placuit,
1205 2121 1267 2180 tum

63 2224 158 2308 quoad
177 2223 420 2289 concludendam
436 2245 541 2310 pacem
557 2225 770 2307 Hungaricam,
787 2229 850 2287 tum
865 2222 964 2308 quoad
977 2223 1171 2288 obtinendum
1180 2224 1266 2309 prin-

64 2335 193 2414 cipatum
210 2333 465 2416 Transylvaniae,
488 2339 520 2397 rt
543 2337 687 2417 respectu
713 2353 748 2395 ea
765 2330 950 2395 resolutione
967 2336 998 2394 et
1014 2331 1180 2396 intentione
1197 2327 1266 2406 ppo,

1 2453 2 2466 ¹
64 2447 183 2505 uestrae
197 2441 341 2522 cognitis,
360 2461 414 2506 rex
429 2461 548 2527 quoque
561 2440 838 2504 christianissimus
854 2459 928 2523 poro
945 2438 1026 2524 (sic)
1043 2440 1266 2504 continuatione

62 2549 246 2613 imminentis
263 2549 502 2630 belligerationis
519 2571 589 2614 suas
606 2549 710 2613 facere
726 2549 826 2633 possit
841 2547 1068 2632 dispositiones.

152 2657 238 2720 llaec
251 2657 440 2739 potissimum
454 2677 544 2722 causa
560 2656 848 2739 estbugustissime
857 2655 1029 2739 lmperator,
1042 2659 1167 2737 propter
1180 2674 1265 2738 quam

67 2767 101 2830 ad
115 2765 297 2831 lucrandum
310 2766 435 2832 scilicet
456 2773 575 2850 tempus
598 2773 666 2830 ante
694 2765 964 2829 denominationem
994 2769 1023 2826 ct
1045 2763 1268 2845 expeditionem

65 2877 192 2938 oratoris
210 2880 242 2938 et
258 2875 415 2939 adventum
433 2875 665 2939 extraordinarii
683 2876 729 2937 sui
744 2873 837 2955 legati
854 2872 966 2937 domini
987 2871 1025 2935 de
1041 2869 1152 2942 Belua,
1177 2889 1266 2954 quem

66 2985 189 3065 praevie
211 2982 398 3046 transmissis
422 2981 483 3065 ipsi
506 3001 562 3065 per·
583 3003 632 3046 me
655 2979 902 3046 instructionibus
920 2977 1104 3044 necessariis
1122 2976 1267 3061 expedire

66 3112 136 3154 suae
152 3088 211 3154 blt.
228 3091 324 3154 risum
350 3095 414 3160 est,
438 3093 600 3170 generales
624 3096 744 3155 vestrae
766 3087 835 3152 ΜΨ.
858 3089 1059 3153 resolutiones
1082 3088 1163 3150 scire
1179 3087 1265 3150 desi·

66 3198 150 3262 derat
165 3219 219 3262 rex
236 3197 512 3262 christianissimus
532 3204 563 3262 ct
578 3201 613 3263 sd
624 3220 676 3263 eas
694 3200 772 3262 omni
787 3197 955 3262 humilitate
977 3194 1160 3279 expetendas
1175 3191 1268 3258 adur-

67 3313 154 3387 getur
166 3315 270 3371 ser¹¹¹¹²'.
288 3307 433 3391 princeps
450 3307 521 3370 elati
534 3307 645 3372 inimici
663 3307 709 3370 sui
725 3305 839 3371 viribus
857 3304 961 3367 dictim
979 3321 1155 3387 oppressus,
1179 3305 1210 3366 ct
1227 3321 1265 3364 ne

1 3415 2 3500 i
67 3417 127 3478 lore
136 3417 174 3478 iis
181 3415 285 3478 dilatis
300 3417 524 3499 opprimendus,
542 3417 611 3483 dum
629 3416 722 3480 elusis
737 3420 796 3477 tam
809 3413 942 3494 gratiose
956 3417 987 3476 et
1001 3410 1133 3492 benigne
1149 3410 1266 3474 offertis

1 3511 2 3578 l
67 3521 130 3589 llffl.
149 3530 271 3588 restrae
286 3524 474 3587 mediationis
492 3523 709 3595 oblationibus,
744 3543 778 3585 se
801 3521 875 3584 nihil
897 3541 912 3583 e
929 3517 1154 3583 continuatione
1174 3538 1264 3601 prae-

1 3679 2 3682 ,
66 3633 164 3698 dictae
179 3632 372 3696 mediationis
389 3631 539 3696 oblatione
556 3639 587 3695 et
602 3632 665 3695 fors
682 3631 900 3694 minitationum
917 3629 982 3690 sine
1006 3626 1115 3692 ellectu
1140 3645 1264 3709 sperare

1 3757 2 3820 ξ
67 3763 155 3823 posse
171 3741 280 3805 credit.
321 3741 360 3803 rt
383 3746 542 3823 praeterea
567 3743 674 3804 iterum
697 3740 868 3821 iterumque
892 3732 961 3800 llff'.
979 3739 1100 3798 vestrae
1122 3733 1264 3818 implorat

1 3829 2 3916 ζ
67 3851 206 3936 gratiam,
229 3853 263 3912 ut
277 3850 454 3934 quantocius
472 3848 579 3912 ellectu
597 3867 716 3932 qnoque
733 3847 885 3926 omnigeni
902 3846 947 3908 sui
966 3844 1146 3926 appromissi
1163 3841 1264 3906 auxilii

1 3957 2 4034 ἦ
68 3957 125 4021 frui
141 3959 247 4042 possit.

151 4067 356 4151 Representat
377 4069 537 4148 praeterea
561 4063 745 4147 subjicitque
770 4062 829 4125 alto
847 4057 912 4125 llfi'.
941 4063 1061 4124 vestrae
1073 4057 1189 4140 judicio
1206 4058 1266 4120 uti·

1 4171 2 4174 ’
68 4174 164 4239 litatcs
182 4173 251 4238 ΜΨ.
276 4177 398 4238 vestrae
419 4172 489 4236 inde
512 4177 669 4243 enaturas,
694 4171 796 4234 sciens
819 4187 906 4252 quam
931 4167 1060 4252 optime,
1083 4185 1135 4228 ees
1160 4181 1263 4228 omnes

68 4283 144 4347 ΜΝ.
162 4289 293 4348 vestram
314 4281 376 4364 jam
391 4285 463 4346 tunc
479 4280 711 4353 considerasse,
733 4279 803 4342 dum
819 4277 857 4340 ad
874 4277 950 4342 hacc
967 4272 1155 4358 exuperanda
1172 4291 1264 4354 prae-

1 4453 2 4484 ,
68 4392 155 4456 latum
182 4392 352 4476 principem
383 4388 533 4452 dominum
563 4405 661 4451 meum
699 4385 817 4450 solenni
848 4390 879 4448 et
914 4385 1031 4469 privato
1068 4384 1200 4446 tractatu
1233 4385 1265 4444 et

71 4519 123 4582 per
160 4502 284 4565 formam
315 4497 509 4562 resolutionis
540 4496 695 4560 extradato
727 4494 876 4576 rescripto
907 4492 1046 4574 obligare
1075 4489 1170 4556 voluit
1193 4489 1262 4553 blm.

1 4659 2 4664 ,
69 4613 175 4671 uestra.

100 4716 188 4763 Fontes.
201 4718 237 4762 tx.
1008 4708 1040 4758 13
