3066 5078
260 425 338 495 346

257 601 345 664 tiam
377 605 413 664 et
452 599 745 682 colligationem
777 601 886 682 regis
920 602 1250 666 christianissimi
1273 607 1315 666 et
1342 621 1461 686 quam

257 706 1454 792 proclivissitexearutioneadpaciscendumcumSveciae

141 825 144 831 '
257 815 1464 898 rege.Sicautemtotnmilludtempusperditur,quominister

256 924 365 1003 regis
394 923 708 986 christianissimi
740 924 780 986 ad
814 923 905 987 hanc
939 925 1240 1002 negotiationem
1273 924 1462 987 ordinari

257 1036 293 1094 et
323 1030 461 1093 adesse
492 1031 657 1113 poterit,
689 1051 782 1114 quare
811 1033 891 1094 omni
926 1049 996 1093 cura
1025 1035 1056 1094 et
1091 1029 1246 1111 diligentia
1281 1031 1460 1096 Dominatio

256 1137 365 1201 Vestra
387 1139 462 1201 haec
486 1145 728 1222 repraesentare,
753 1145 784 1202 et
806 1139 956 1219 adurgere
980 1157 1038 1200 non
1061 1138 1235 1201 intermitat.

343 1245 465 1308 Interim
483 1265 520 1308 ne
536 1253 595 1308 tam
612 1246 689 1308 bene
705 1247 820 1310 initiata
836 1267 890 1309 suo
907 1247 1091 1308 frustrentur
1115 1244 1183 1317 line,
1201 1248 1302 1310 statim
1319 1246 1458 1329 expedio

258 1352 385 1416 eundem
402 1353 610 1416 Reverendom
635 1353 792 1416 Dominum
816 1354 892 1436 Fray
912 1373 979 1416 cunr
1010 1351 1105 1416 literis
1123 1354 1240 1416 Domini
1268 1353 1454 1417 Desalleurs

255 1460 299 1523 ad
332 1460 517 1542 dominum
550 1461 761 1544 palatinum
793 1460 838 1524 de
867 1460 992 1532 Beltn,
1018 1479 1060 1524 ac
1093 1459 1185 1524 inde
1215 1463 1336 1524 aulam
1363 1460 1459 1526 Osa-

255 1587 373 1639 ream.
399 1567 844 1632 uthaecSuaeCsareue
862 1563 1461 1650 lllajestatinotaess'epossint,

256 1682 294 1740 et
322 1697 453 1762 spero,
484 1695 538 1738 me
571 1676 721 1738 omnino
758 1675 1004 1738 obtenturum
1039 1676 1175 1740 literas
1207 1697 1222 1737 a
1259 1674 1457 1756 primario

255 1785 336 1864 ejus
368 1785 548 1848 ministro
588 1783 739 1847 domino
779 1782 983 1856 Golovlrin‚
1024 1784 1087 1868 qui
1119 1783 1233 1847 etiam
1270 1783 1456 1846 dominae

255 1894 454 1976 palatinae
477 1898 639 1955 mentem
663 1890 836 1954 Csarcae
866 1891 1091 1973 Majestatis
1119 1893 1308 1973 exprimet
1332 1899 1366 1954 et
1400 1911 1457 1954 su·

254 1999 316 2063 hito
339 1999 406 2063 illas
431 1999 466 2062 ad
491 1997 648 2062 Dominum
664 1996 838 2062 Desalleurs
854 2019 910 2081 per
931 2017 1034 2060 manus
1058 1999 1228 2062 ministri
1252 1997 1415 2062 Sreeici
1441 2019 1458 2060 a

254 2107 434 2169 hlilleren
454 2106 607 2193 domina
631 2107 809 2190 palatina
832 2107 1029 2176 transmittet;
1052 2107 1093 2168 ita
1111 2106 1274 2189 enimipse
1299 2103 1456 2168 Constan-

252 2215 408 2298 tinopolim
426 2235 462 2277 ex
478 2215 597 2278 Render
621 2214 783 2278 discedens
805 2215 961 2285 ordinavit,
984 2216 1017 2274 ut
1032 2212 1202 2276 celerius
1230 2214 1337 2293 regis
1363 2213 1458 2276 Sve-

255 2323 339 2385 ciae
364 2321 586 2386 declaratio
611 2320 729 2384 Csaro
759 2321 994 2384 innotescet.
1026 2319 1102 2383 Nam
1126 2320 1212 2383 adest
1235 2319 1313 2403 apud
1337 2321 1458 2403 Regem

254 2430 284 2491 in
311 2429 428 2493 Bender
444 2429 569 2492 Nuntius
592 2429 794 2511 imperatoris,
818 2428 869 2512 qui
890 2427 990 2490 cidem
1006 2447 1062 2510 per
1082 2433 1180 2491 terras
1206 2447 1276 2491 suas
1292 2429 1457 2510 transitum

251 2537 281 2598 in
298 2537 434 2599 Sveciam
451 2541 482 2598 et
499 2555 614 2598 ornnem
636 2535 769 2618 promitit
784 2535 998 2607 assistentiam,
1023 2540 1208 2621 apparetque
1236 2535 1354 2617 Regem
1372 2534 1454 2598 Svess

251 2644 315 2706 ciac
332 2645 409 2706 hano
426 2643 616 2708 occasionem
632 2643 748 2708 reditus
771 2643 816 2704 sui
833 2642 974 2724 amplecti
991 2641 1081 2714 velle,
1099 2643 1221 2728 jamque
1237 2643 1359 2706 videtur
1377 2663 1455 2725 spe-

252 2750 339 2814 cilica
355 2753 442 2834 signa
464 2752 605 2814 arctioris
625 2749 781 2831 cujusdam
797 2749 950 2813 amicitiae
979 2750 1066 2821 dare,
1092 2751 1171 2813 nisi
1195 2750 1451 2814 mediationis

250 2858 364 2939 hujus
393 2859 549 2923 occasio
574 2877 710 2922 moram
731 2856 840 2919 inierat
860 2856 937 2937 Regi
959 2857 1089 2920 Sreciae
1106 2863 1208 2941 partes
1238 2859 1453 2941 imperatorias

252 2966 418 3028 formaliter
434 2964 667 3048 amplectendas.

343 3073 596 3154 Quemadmodum
613 3091 672 3133 non
688 3089 811 3154 parvum
827 3069 962 3153 prodidit
978 3076 1010 3134 et
1024 3092 1081 3154 per
1097 3071 1156 3136 hoc
1172 3072 1351 3156 exemplum,
1371 3073 1450 3157 qvod

250 3178 353 3242 militia
370 3201 437 3244 curn
453 3179 585 3243 Palatino
603 3176 765 3261 Kpdvicnsi
780 3177 914 3260 Regnum
931 3183 1064 3242 nostrum
1080 3180 1236 3262 ingressa,
1264 3180 1450 3264 servitiaque

250 3286 388 3350 militaria
405 3289 550 3352 hactenus
570 3287 621 3350 hic
638 3291 741 3349 contra
761 3285 928 3348 Caesareos
944 3287 1181 3366 cumpraescitu
1198 3285 1291 3366 Regis
1313 3305 1351 3349 ac
1368 3306 1445 3348 con·
1511 3359 1513 3378 ἐ

252 3396 381 3459 niventia
405 3401 435 3459 et
450 3415 518 3459 cum
534 3413 682 3457 consensu
695 3392 798 3455 dicere
815 3393 920 3463 ausim,
938 3410 1086 3454 exercens
1102 3392 1239 3473 proxime
1260 3413 1316 3476 per
1332 3393 1445 3474 Regem
1510 3417 1512 3434 ι

255 3503 384 3565 Sveciae
401 3500 527 3564 inhibita
545 3501 637 3564 luerit
661 3503 765 3562 contra
783 3497 989 3562 Caesareanos
1005 3498 1116 3562 hostile
1133 3500 1287 3584 quidpiam
1303 3521 1400 3584 agere
1422 3506 1451 3561 et

254 3628 321 3672 curn
344 3609 557 3679 declaratione,
580 3607 648 3690 quia
669 3609 736 3690 ipse
753 3606 816 3669 Rex
838 3606 949 3670 amicus
975 3611 1006 3668 et
1021 3607 1170 3690 caligatus
1196 3607 1338 3672 Caesaris
1356 3613 1448 3679 esset,

254 3715 411 3779 amicitiam
429 3721 459 3778 et
475 3734 534 3777 non
551 3714 746 3778 hostilitatem
763 3713 946 3796 querendam
965 3734 1036 3777 esse
1063 3715 1153 3797 ipsis.
1325 3694 1329 3700 ’

344 3822 436 3903 Quem
448 3841 541 3904 graue
553 3821 645 3885 luerit
657 3821 851 3884 serenissimo
862 3821 994 3903 Principi
1007 3821 1085 3884 hanc
1099 3823 1204 3886 audire
1216 3824 1446 3886 declarationem

252 3949 288 3992 ex
297 3930 383 4010 jussu
396 3929 488 4009 Regis
505 3949 522 3992 a
539 3927 641 4012 copiis
652 3928 773 3998 talibus,
790 3946 866 4009 qvae
883 3927 1014 3990 adlatus
1032 3931 1164 3992 suumin
1182 3937 1349 4014 conspectu
1366 3929 1447 4013 qnasi

251 4036 380 4099 hostiurn
408 4037 583 4108 existerent,
605 4036 694 4099 facile
710 4035 839 4116 cogitari
855 4038 966 4116 potest,
984 4035 1061 4098 unde
1074 4039 1289 4100 serenissimus
1305 4039 1444 4120 Princeps

252 4163 290 4206 ne
306 4144 410 4206 hostes
427 4142 506 4204 forte
521 4163 576 4225 pro
594 4142 697 4204 amicis
713 4141 800 4204 lateri
816 4160 870 4204 suo
887 4142 1039 4224 proximos
1057 4147 1088 4204 et
1103 4146 1226 4228 proprio
1242 4164 1333 4226 pane,
1347 4162 1443 4224 sump-

250 4251 330 4313 tibus
347 4270 382 4312 ac
399 4249 547 4312 solutione
564 4255 748 4313 sustentatos
765 4249 876 4313 diutius
898 4249 1017 4322 haheat,
1037 4249 1173 4322 resoluit,
1191 4255 1223 4314 ut
1245 4252 1296 4334 qui
1313 4251 1442 4314 formalia

252 4375 323 4417 suae
340 4356 519 4418 Serenitatis
542 4356 665 4420 servitia
682 4361 841 4438 acceptare
865 4355 958 4428 nolet,
979 4360 1039 4419 tarn
1056 4356 1170 4430 Roiani,
1187 4376 1274 4441 qvam
1292 4358 1343 4438 alij
1363 4375 1443 4419 rece·

252 4460 323 4523 dant
339 4466 369 4522 et
384 4461 509 4524 redeant
525 4463 562 4524 ad
578 4464 714 4544 patriam.
733 4462 889 4527 Advolavit
904 4464 1003 4547 itaque
1019 4463 1085 4547 ipse
1098 4464 1252 4528 Palatinus
1268 4462 1439 4548 Kydviensis

253 4570 377 4647 rogatus
402 4567 430 4628 in
454 4567 613 4631 Armadam
631 4570 668 4632 ad
692 4570 918 4632 serenissimum
943 4569 1114 4653 Principem
1138 4577 1167 4635 et
1190 4592 1257 4635 cum
1282 4570 1438 4637 rationibus
