3040 5082
239 340 317 412 200

234 513 410 578 submissae
425 514 504 576 enim
521 513 602 576 dicto
619 512 674 575 sub
688 518 844 596 praetextu
869 516 975 599 copiae
992 516 1032 576 ita
1049 533 1083 575 se
1105 511 1206 576 locare
1229 517 1377 596 possunt,
1399 519 1434 576 ut

234 629 327 687 serm.
344 621 475 706 principi
490 619 598 684 melior
614 619 767 702 Vngariae
783 643 854 704 pars
871 621 1045 686 conservari
1062 621 1168 706 possit,
1197 625 1227 684 et
1242 623 1270 684 si
1286 641 1341 682 sua
1357 619 1431 682 blm.

235 730 427 814 imperatoria
443 729 573 792 Romana
590 729 629 791 de
652 730 710 792 hoc
734 735 988 812 conquereretur,
1018 751 1054 792 an
1081 750 1139 793 uon
1168 729 1267 792 estin
1290 732 1433 812 promptu

234 857 412 921 responsum
437 837 522 900 utu.
541 841 671 901 vestram
689 836 772 924 (Fol.
793 835 853 921 18)
872 837 1007 919 ejusdem
1025 838 1108 920 regis
1125 837 1254 900 reditum
1276 837 1357 900 nolle
1373 815 1442 898 im·'

235 945 351 1029 pedire,
374 944 425 1028 qui
442 943 582 1008 Silesiam
600 945 637 1008 ad
653 944 734 1009 bello
751 944 959 1010 lacessendum
977 940 1042 1008 Mfi'.
1061 953 1180 1010 restrae
1202 946 1334 1010 alliatum
1358 965 1433 1028 pcr-

233 1053 373 1116 transivit
408 1054 472 1116 sine
504 1073 590 1136 quam
624 1053 723 1118 dictus
752 1055 916 1137 imperator
944 1054 992 1118 rel
1023 1055 1127 1118 saltem
1156 1055 1299 1117 decontra
1323 1072 1432 1136 regem

234 1161 362 1226 Sreciae
373 1167 576 1245 conquaestus
589 1161 707 1225 fuisset.
720 1159 781 1224 Sed
796 1182 852 1226 uec
865 1161 1089 1244 ingredireutur
1102 1158 1175 1224 uit
1194 1167 1313 1226 restrae
1325 1163 1434 1244 copiae

234 1269 419 1353 provinciam
437 1268 564 1352 aliquam
589 1269 628 1332 de
644 1269 723 1332 facto
748 1268 920 1352 imperatori
945 1269 1136 1334 obedientem
1160 1269 1213 1334 sed
1237 1277 1328 1332 serm.
1346 1269 1434 1352 prin-

235 1379 296 1462 cipi
311 1377 412 1442 alliato
430 1374 498 1440 illm.
516 1383 636 1442 vestrae
652 1375 831 1458 subjectam.
901 1392 903 1396 ·

326 1485 508 1550 Secunda
532 1485 736 1550 modalitas
761 1489 834 1548 est.
872 1485 1049 1550 Victualium
1077 1488 1107 1550 in
1135 1485 1258 1549 Palania
1292 1485 1433 1548 defectus

236 1593 402 1678 specialem
418 1594 517 1658 adbuc
534 1590 589 1656 lli.
612 1598 731 1658 vestrae
747 1593 921 1678 suppeditat
938 1613 1055 1665 ausam,
1080 1595 1183 1675 copias
1207 1615 1277 1658 suas
1301 1594 1332 1656 in
1350 1594 1436 1658 llun-

235 1703 348 1784 gariam
373 1701 560 1785 hybernandi
585 1721 676 1764 causa
700 1701 886 1766 submittere.
917 1701 987 1764 blm.
1021 1702 1099 1764 euim
1120 1707 1220 1764 vestra
1244 1723 1303 1764 uon
1325 1707 1435 1766 contra

235 1811 448 1894 imperatorem
465 1829 520 1872 nec
537 1810 566 1871 in
583 1809 722 1872 auxilium
739 1805 826 1872 seru.
852 1811 912 1872 mei
928 1810 1074 1894 principis
1090 1810 1193 1892 copias
1204 1849 1207 1854 ‚
1218 1829 1288 1872 suas
1304 1808 1358 1872 tali
1376 1807 1435 1872 sub

237 1921 394 2004 praetextu
418 1917 583 1988 submittit,
608 1916 664 1980 sed
686 1937 722 1980 ex
744 1917 863 2000 urgenti
874 1908 1094 1981 ¹subsistentiae
1111 1921 1142 1980 et
1158 1937 1259 1980 earum
1277 1921 1437 1980 sustenta-

234 2027 325 2090 tionis
342 2027 541 2096 necessitate,
559 2045 636 2109 quae
653 2025 759 2108 copiae
776 2045 831 2090 uec
847 2046 903 2108 pro
920 2047 977 2090 nec
993 2031 1096 2090 eontra
1117 2025 1285 2110 quempiam
1301 2025 1436 2107 partium

240 2155 334 2219 agere
350 2134 504 2198 habebunt
520 2133 651 2204 ordines,
669 2133 723 2197 sed
740 2140 771 2196 ut
788 2154 822 2196 se
837 2134 866 2196 in
883 2135 1033 2217 quartiriis
1057 2133 1120 2196 suis
1143 2153 1160 2196 a
1182 2140 1275 2196 serm.
1293 2133 1438 2216 principe

240 2242 414 2308 ordinandis
430 2239 578 2326 tranquile
596 2246 730 2315 teneant,
754 2241 918 2326 hocusque
939 2243 1007 2306 dum
1019 2243 1113 2306 visum
1126 2242 1217 2304 fuerit
1228 2237 1284 2304 Mi.
1299 2247 1438 2311 vestrae,

235 2373 271 2417 se
287 2352 325 2416 ad
341 2349 455 2414 realem
471 2349 637 2412 effectivam
654 2352 713 2414 mei
730 2347 824 2414 serm.
842 2350 987 2435 principis
1011 2349 1227 2434 protectionem
1251 2348 1440 2414 declarativa

236 2460 404 2524 resolvere.

326 2567 467 2630 Tertia
481 2565 711 2630 difficultas
728 2564 1433 2649 occurritexbelli'furciciapprehensione.

236 2675 346 2740 Verum
373 2674 400 2737 si
428 2672 602 2755 dignabitur
630 2673 699 2736 ΜΨ.
738 2679 837 2736 vestra
860 2675 1032 2738 modernam
1055 2678 1085 2738 ct
1108 2677 1299 2758 praesentem
1323 2673 1438 2736 Portae

237 2782 445 2846 Ottomanicae
472 2781 607 2865 politiam
633 2781 828 2846 considerare
856 2783 1012 2866 apparebit
1039 2801 1105 2846 eam
1125 2783 1242 2845 nonnisi
1259 2781 1437 2866 apprehen-

236 2893 350 2956 sionem
378 2896 409 2953 et
436 2894 548 2954 metum
575 2890 755 2954 imminentis
783 2889 854 2953 belli
882 2892 1030 2960 continuis
1060 2891 1122 2953 suis
1150 2889 1435 2973 praeparationibus

237 3000 344 3064 vicinis
368 2998 431 3062 suis
448 3017 573 3061 causare
589 2997 679 3062 velle.
702 3001 864 3062 Assecurat
881 3001 959 3089 euim
973 2999 1048 3062 baec
1060 2999 1149 3062 Porta
1163 2998 1258 3062 aulam
1272 2997 1431 3062 Viennen-

237 3125 318 3178 sem,
348 3127 383 3170 se
407 3103 516 3170 bellum
541 3111 645 3171 contra
667 3106 752 3168 lilim.
770 3112 900 3170 vestram
918 3127 1041 3190 parare,
1068 3125 1134 3170 cum
1151 3106 1248 3170 medio
1265 3106 1437 3186 legatorum

236 3211 323 3278 serml.
337 3215 483 3298 principis
491 3212 747 3298 Constantinopoli
757 3215 945 3279 existentium
954 3235 1035 3278 suam
1047 3217 1238 3278 serenitatem
1246 3214 1435 3298 persuadere

237 3322 341 3386 nititur
374 3321 489 3385 eisdem
519 3323 631 3387 viribus
663 3343 698 3386 se
730 3324 767 3386 ad
795 3324 902 3388 auxilia
934 3341 1006 3386 suae
1035 3323 1207 3386 serenitatis
1239 3341 1435 3406 praeparare.

238 3429 292 3493 Vel
306 3409 417 3513 optilne
430 3435 556 3513 apparet
568 3451 603 3494 ex
619 3431 678 3503 his,
695 3433 812 3496 Turcas
828 3431 895 3516 plus
908 3433 1000 3516 quieti
1018 3431 1095 3495 velle
1112 3430 1281 3512 indulgere,
1298 3452 1387 3515 quam
1401 3452 1437 3494 se

237 3537 275 3600 ad
292 3538 411 3622 aliquod
427 3538 539 3603 bellum
555 3540 720 3604 resolvere.
750 3541 811 3604 Sed
829 3541 887 3604 etsi
903 3540 1064 3602 Turcicnm
1083 3538 1195 3602 bellum
1211 3541 1324 3602 oriatur
1345 3541 1434 3602 modo

237 3646 379 3728 dignetur
396 3646 465 3708 illm.
484 3652 584 3710 vestra
610 3655 720 3710 sermm.
743 3669 839 3712 meum
857 3649 1022 3732 principem
1040 3646 1095 3709 sub
1112 3646 1273 3730 specialem
1291 3655 1323 3710 et
1339 3647 1436 3712 effec-

235 3755 325 3816 tivam
337 3756 555 3837 protectionem
566 3777 716 3820 summere
729 3763 760 3820 et
770 3756 899 3838 benigne
912 3755 1130 3840 appromissum
1143 3753 1262 3838 aliquod
1277 3753 1361 3842 (Fol.
1373 3757 1432 3842 19)

236 3861 320 3926 reale
344 3863 482 3928 auxilium
509 3864 689 3935 effectuare,
714 3863 898 3948 appromittit
915 3883 968 3926 sua
987 3863 1135 3927 serenitas
1160 3861 1240 3944 quod
1267 3867 1333 3926 orto
1351 3863 1433 3927 bello

237 3970 368 4035 Turcico
382 3991 449 4034 cum
466 3971 603 4034 omnibus
620 3972 683 4034 suis
700 3973 797 4056 copiis
820 3992 854 4034 se
878 3971 914 4034 ad
939 3977 1038 4034 castra
1060 3966 1125 4032 llll&
1149 3973 1270 4034 restrae
1292 3971 1433 4034 conferre

239 4079 335 4162 copiis
353 4099 426 4162 quas
443 4076 499 4140 Ml.
516 4085 635 4142 restrae
652 4079 682 4140 in
699 4081 765 4162 ejus
782 4079 921 4142 auuilium
939 4078 1115 4142 submittere
1132 4077 1264 4160 placebit
1281 4077 1317 4140 ad
1336 4079 1434 4143 forta·

236 4184 368 4248 liliorum
384 4185 592 4250 defensionem
608 4185 734 4250 relictis.

327 4293 463 4358 Potest
487 4298 598 4358 etiam
623 4301 762 4378 quarto
787 4295 872 4358 M²⁰¹¹¹.
897 4300 1027 4358 vestram
1048 4294 1229 4358 incertitudo
1251 4295 1334 4378 pacis
1355 4295 1434 4358 Sve-
1470 4373 1478 4380 .

236 4402 321 4465 cicae
334 4400 372 4464 de
389 4401 577 4466 effectuando
594 4403 724 4484 benigue
743 4404 929 4486 appromisso
947 4403 1055 4467 auxilio
1068 4404 1242 4474 deterrere3
1265 4402 1319 4468 sed
1338 4423 1373 4467 ea
1387 4411 1435 4468 cst

237 4505 303 4570 blfl'.
321 4514 441 4574 vestrae
458 4513 591 4594 potentia
609 4517 639 4574 et
660 4529 816 4576 suecorum
832 4510 1036 4592 imbecillitas,
1066 4519 1098 4574 ut
1110 4511 1181 4574 ΜΨ.
1205 4514 1306 4573 restra
1328 4531 1388 4574 uno
1404 4517 1435 4576 et
