3066 5078
281 349 359 424 340

369 527 556 591 ilselicitera
583 528 612 590 le
635 526 700 609 Roy
718 532 749 591 et
764 527 792 590 la
814 528 927 591 familie
948 527 1054 610 rojalle
1079 548 1131 591 sur
1147 526 1164 590 Ι’
1177 527 1307 590 hereuse
1331 527 1488 589 naisence

286 634 325 699 de
349 635 399 698 Μ’.
428 635 457 700 10
488 635 552 699 Duc
585 633 718 716 d'Anjou
745 635 831 699 selon
862 633 909 699 les
936 634 1042 700 lettres
1073 635 1112 700 de
1138 635 1280 717 crojance
1302 633 1381 719 qu'il
1408 653 1491 696 aura

280 763 333 807 sur
349 762 386 807 ce
403 743 494 807 su'et.

329 915 333 922 ,
368 853 411 915 du
427 765 501 924 01001,
514 851 594 933 ajant
609 849 662 913 tait
675 850 757 913 aussi
768 849 814 913 les
831 850 1043 934 Complimeuts
1059 851 1138 914 aur.
1151 849 1189 912 L'
1201 849 1343 914 Electeur
1358 849 1401 912 de
1414 847 1485 910 Ba-

277 959 379 1023 rierre
403 959 442 1024 de
464 964 567 1024 nostre
588 963 685 1042 parte,
708 958 729 1021 il
747 958 883 1023 attendra
908 957 952 1024 100
975 960 1092 1033 001000,
1115 979 1168 1024 sur
1184 979 1235 1024 ces
1257 956 1342 1044 qu’ii
1366 977 1445 1022 aura
1465 977 1484 1018 a

276 1065 297 1128 l'
310 1069 413 1133 avenir
430 1089 446 1131 a
463 1068 538 1132 10100

388 1211 539 1275 Suerencs
556 1209 585 1274 10
602 1159 655 1274 17.
674 1209 855 1294 Septembre
872 1209 969 1275 1710.

494 1319 638 1384 Francois
654 1320 763 1383 Princo
778 1339 818 1382 m.
831 1339 861 1402 p.

1144 1425 1252 1514 00)
1321 1521 1324 1524 ,

850 1625 903 1689 31.

406 1787 623 1852 Schreiben
648 1786 714 1849 des
739 1785 885 1849 Graien
908 1785 1124 1867 Bercsenyi
1147 1806 1191 1849 an
1214 1785 1342 1851 Vetes.

634 1910 796 1974 Cassoriae
823 1911 874 1974 12.
899 1909 982 1994 April
1008 1909 1104 1973 1710.

365 2037 529 2102 Monsieur.
558 2039 591 2101 10
612 2038 764 2121 prioribus
780 2039 856 2102 meis
872 2037 968 2102 1104.
986 2038 1085 2120 Martij
1108 2037 1254 2123 expeditis
1272 2039 1478 2105 Dominationi

275 2152 393 2212 vestrae
405 2145 642 2210 notitticaveram
654 2144 1023 2229 adventumpresentis
1037 2144 1222 2216 cursoris,
1241 2165 1347 2228 quem
1364 2148 1476 2212 hisce

271 2257 358 2340 jussu
370 2275 442 2319 suae
455 2255 626 2318 serenitatis
638 2255 815 2326 remitto,
832 2258 864 2317 ut
880 2259 979 2317 certas
992 2252 1197 2335 expeditiones
1210 2273 1283 2336 quas
1297 2253 1475 2319 dominus

274 2364 511 2445 brigaderus
529 2363 663 2425 Lemer
687 2361 899 2444 promittendae
921 2361 1012 2424 habet
1034 2361 1071 2424 ad
1091 2361 1158 2423 loca
1176 2359 1276 2424 debita
1300 2361 1476 2426 deferet

273 2471 428 2555 Siquidem
459 2491 512 2534 sua
545 2470 699 2534 Serenitas
731 2489 890 2534 necessum
919 2488 988 2532 esse
1019 2467 1118 2540 duxit,
1149 2473 1180 2532 ut
1205 2470 1355 2551 prefatum
1367 2471 1475 2535 Domi·

221 2651 227 2665 Ι
275 2600 344 2645 num
361 2581 495 2643 berner
518 2578 560 2641 ad
585 2578 881 2641 serenissimum
912 2578 1051 2656 Regem
1080 2576 1278 2659 expediat,
1306 2582 1340 2641 ut
1363 2585 1474 2643 cuncta

273 2709 350 2773 quae
369 2688 418 2751 hic
443 2688 576 2768 proxime
599 2687 753 2769 preteritis
775 2685 960 2768 temporibus
984 2689 1050 2747 acta
1071 2688 1150 2755 sunt,
1173 2688 1204 2747 et
1226 2685 1472 2749 constitutionem

273 2801 368 2860 status
392 2795 485 2858 nostri
508 2815 576 2858 oum
594 2794 656 2856 suis
679 2792 945 2878 particularitatum
967 2793 1199 2874 circumstantijs
1217 2798 1323 2856 exacte
1345 2794 1472 2864 referat,

274 2903 354 2967 uude
370 2902 498 2967 finaliter
514 2922 548 2966 se
573 2901 705 2982 dirigere
721 2902 818 2985 possit
834 2901 1052 2965 serenissimus
1069 2900 1215 2982 Princeps
1231 2901 1261 2963 in
1289 2900 1336 2964 his
1365 2901 1472 2965 inter

270 3009 414 3076 bellum
445 3015 482 3074 et
508 3029 637 3093 pacem
666 3010 925 3073 universalem
957 3008 1217 3074 mactantibus
1246 3009 1470 3078 coniunctu-

271 3120 327 3182 ris
358 3117 448 3202 quid
471 3117 699 3202 sperandum
726 3116 898 3180 realiter
923 3117 1138 3180 habeamus.
1168 3115 1289 3180 Interim
1319 3118 1467 3200 siqnidem

271 3232 332 3288 tam
349 3245 385 3287 ex
400 3224 437 3304 ijs
455 3245 530 3307 quae
546 3225 713 3289 Dominatio
730 3225 838 3288 Vestra
855 3225 953 3308 ample
969 3226 1043 3288 satis
1061 3245 1128 3307 per
1143 3228 1369 3308 presentem
1384 3244 1466 3287 cur-

270 3354 393 3396 sorem
417 3332 602 3405 notificavit,
619 3353 706 3416 qvam
723 3338 753 3395 et
770 3352 806 3395 ex
822 3331 1026 3397 communibus
1042 3332 1179 3396 videmus
1194 3331 1341 3404 Novellis,
1359 3336 1465 3396 trao-

269 3446 376 3505 tatus
414 3440 526 3524 pacis
571 3441 680 3505 initia
716 3441 1025 3522 reassumpsisse
1057 3445 1093 3503 et
1130 3441 1268 3504 forsan
1312 3446 1464 3504 antuer-

272 3549 326 3632 pii
365 3547 640 3620 concurrisse,
677 3548 735 3612 ubi
781 3547 931 3632 quidem
965 3548 1011 3611 10
1048 3546 1374 3631 preliminaribus
1407 3547 1463 3611 ad·

269 3656 342 3720 buc
359 3660 555 3736 ageretur.
574 3655 637 3719 Sed
650 3675 687 3718 ne
703 3655 821 3719 omnino
833 3661 952 3740 tempus
964 3655 1107 3740 perdatur
1119 3664 1150 3720 et
1165 3676 1219 3718 sua
1232 3657 1384 3721 serenitas
1396 3676 1462 3718 suas

270 3762 403 3843 dirigere
427 3762 577 3826 acuratius
599 3762 693 3843 possit
716 3764 930 3846 expeditiones,
952 3763 1043 3844 jussit
1066 3763 1285 3827 Serenissimus
1313 3763 1458 3845 Princeps

273 3869 1460 3955 DominationiVestraeintimareutperceptisbissepositiscunctis

269 3976 361 4057 alijs
386 3977 667 4060 questionibus
691 3983 751 4040 aut
777 3957 1001 4044 difficultatibus
1025 3979 1069 4042 ad
1093 3979 1169 4042 iter
1192 4000 1234 4042 se
1262 3979 1451 4062 disponat

270 4085 411 4148 acsine
428 4085 526 4148 omni
549 4084 907 4169 temporisjaetura
924 4085 966 4148 01
983 4106 1085 4150 suam
1107 4087 1363 4151 serenitatem
1392 4088 1458 4150 buc

267 4191 400 4254 redire
427 4199 634 4277 properet,
666 4199 704 4256 ut
733 4193 794 4256 hie
827 4195 961 4277 acceptis
993 4195 1175 4282 necessarijs
1202 4194 1455 4277 informationibus

270 4300 364 4388 (quae
381 4298 453 4362 solis
470 4302 590 4384 scriptis
606 4300 684 4364 bene
697 4300 762 4364 tieri
775 4307 927 4384 nequeunt
941 4302 971 4364 in
987 4301 1078 4364 rebus
1090 4307 1150 4366 taur
1162 4302 1281 4388 arduis)
1298 4308 1330 4367 et
1346 4303 1383 4366 01
1399 4321 1455 4365 rern

269 4407 504 4488 congruentibus
535 4408 790 4492 expeditionibus,
813 4429 947 4472 rursus
979 4409 1023 4473 01
1051 4410 1260 4493 prescitam
1287 4411 1454 4492 negotia-

269 4516 409 4577 tionem
442 4515 678 4599 intempore
709 4516 887 4598 expediri
919 4517 1053 4601 possit.
1085 4517 1247 4582 Nouenim
1268 4517 1452 4599 judicandum
