3032 5084
239 375 318 446 312

239 549 342 614 liber
363 553 531 634 questus
555 553 595 613 et
618 551 818 612 transitus
842 567 1056 614 concessus
1073 549 1239 614 habetur
1259 548 1316 611 ita
1335 548 1472 612 reci-

237 659 444 743 procative
470 657 692 722 hominibus
719 677 873 742 quoque
900 657 982 722 Suae
1010 657 1151 722 altotatae
1177 656 1311 721 Crareae
1340 655 1470 738 Maje-

237 766 324 830 statis
362 765 492 830 eadem
528 766 742 850 permissio
792 765 926 829 literis
966 765 1140 848 ejusdem
1178 763 1468 848 passualibus

237 874 394 939 munitis
426 874 480 938 sit
508 893 551 938 ao
579 873 631 936 iis
659 892 809 959 quoque
838 893 881 937 ex
908 873 1111 938 Germania
1140 873 1201 938 rel
1235 873 1340 938 illuc
1371 893 1469 956 per

239 1001 398 1065 regnum
422 981 614 1064 ngariae
641 985 678 1045 et
699 981 969 1062 Principatum
992 981 1303 1045 Transilraniae
1329 985 1468 1045 tran-

239 1090 375 1154 situris
398 1089 603 1154 llinistrorum
621 1088 701 1154 Suae
720 1089 889 1172 llajestatis
912 1091 1122 1174 passuales
1147 1089 1334 1154 hahentes
1356 1089 1465 1178 (sic)

239 1197 553 1281 imperturbatus
577 1199 769 1262 transitus
793 1203 952 1262 maneat.
1175 1197 1178 1208 “

330 1305 1463 1392 llaecomniapraeinsertapunctaapraefatisimperia-

239 1415 290 1478 lis
314 1436 358 1479 ac
382 1416 598 1478 sanctioris
626 1417 753 1479 nostri
775 1415 935 1479 consilii
952 1415 1149 1478 Ministris
1171 1415 1271 1478 inita
1296 1435 1461 1498 aecep-

238 1529 357 1587 tamus
374 1527 411 1586 et
427 1523 692 1586 confirmamus
709 1543 749 1587 ac
764 1523 801 1586 in
819 1525 983 1588 futurum
999 1523 1284 1587 inuiolabiliter
1301 1527 1460 1586 nostro

240 1630 1460 1716 Crareaellajestatisverhoconservarepollicemur.Quae

239 1743 279 1805 in
295 1742 478 1824 majorem
495 1740 658 1822 hujusce
674 1741 946 1805 ratificatiorii
968 1745 1161 1806 tractatus
1177 1741 1456 1805 instrumento

241 1847 1451 1934 valoremetrobursubscriptionemanusnostraeacimpe-

241 1957 337 2021 riali
368 1963 504 2022 nostro
534 1958 675 2040 sigillo
706 1958 843 2021 muniri
869 1957 1070 2021 extradari
1093 1957 1380 2028 mandavimus.

333 2066 467 2128 Datum
492 2064 717 2130 Mosooriae
750 2085 845 2128 anno
870 2065 1022 2128 Domini
1046 2065 1252 2128 millesimo
1278 2067 1454 2150 Septin-

241 2173 462 2257 gentesimo
484 2174 645 2258 septimo
667 2173 1048 2238 mensisDeeemhris
1065 2174 1215 2239 decimo
1240 2175 1301 2238 die
1319 2177 1456 2260 impe-

242 2282 290 2345 rii
313 2281 429 2345 nostri
451 2281 641 2362 vigesimo
664 2285 780 2345 sexto
805 2301 907 2346 auno.
934 2281 1084 2346 Petrus.

335 2389 554 2454 concordat
596 2389 786 2472 originali
820 2391 1019 2462 rossiaoo;
1049 2395 1267 2456 attestatur
1299 2396 1454 2475 petrus

244 2499 487 2584 schaphirov.

818 2661 870 2725 16.
1134 2585 1409 2661 (Chilirirtetlopio.)

246 2740 1451 2871 K.russichePropositionennurVermittlungdesllriedens

484 2895 551 2958 mit
567 2895 787 2959 Schweden
804 2896 927 2960 durch
944 2895 1195 2961 Frankreich.

742 3021 776 3086 0.
793 3023 829 3086 D.
848 3021 946 3086 1707.

473 3128 730 3200 Propositiones
750 3127 1048 3183 admodiationem
1067 3128 1215 3202 pacis⁴).

338 3239 411 3304 Cum
434 3237 546 3326 Csarea
567 3239 710 3320 lllajestas
735 3239 773 3302 ad
788 3238 1036 3304 manifestandam
1052 3259 1134 3302 suam
1151 3238 1188 3302 ad
1200 3237 1448 3323 pacificationem

247 3350 472 3414 inclinationem
489 3347 611 3431 praevie
628 3368 683 3431 per
703 3349 846 3412 emissum
861 3368 946 3413 suum
966 3347 1003 3411 ad
1020 3347 1256 3432 Transylvaniae
1271 3347 1448 3432 Principem

247 3457 406 3522 officialem
429 3455 542 3522 ibidem
566 3457 705 3522 existenti
723 3457 803 3520 Suae
819 3457 922 3540 Regias
940 3456 1109 3536 Majestatis
1132 3455 1295 3520 Galliarum
1312 3456 1445 3540 Legato,

250 3587 307 3631 nec
329 3586 389 3629 non
407 3569 512 3648 postea
532 3566 626 3646 parijs
651 3585 708 3648 per
732 3565 936 3630 secretarium
954 3585 1040 3628 suum
1065 3565 1170 3627 oratim
1199 3565 1329 3648 proponi
1353 3585 1446 3628 cura-

250 3677 308 3747 vit;
334 3673 504 3756 deindeque
536 3673 699 3738 Primarius
731 3675 867 3756 ejusdem
895 3673 1026 3738 Csareae
1048 3673 1218 3755 ltlajestatis
1250 3673 1390 3736 minister
1413 3694 1447 3738 ac

252 3802 410 3868 supremus
428 3781 616 3848 Camerarius
639 3783 735 3848 literis
759 3785 822 3848 suis
844 3783 924 3848 idem
941 3781 1058 3846 Gallico
1074 3783 1191 3864 Legato
1215 3784 1448 3847 communicavit

253 3914 350 3978 penes
372 3891 476 3954 Aulam
492 3891 583 3973 Regis
601 3893 729 3956 Sreciae
746 3893 903 3966 existenti;
932 3893 1012 3954 Suae
1030 3888 1162 3954 Csareae
1179 3891 1350 3972 Majestatis
1375 3913 1446 3975 pro·

253 4001 429 4085 pensionem
452 4000 489 4063 ad
510 3998 752 4082 pacificationem
769 4021 835 4065 cum
848 4000 977 4064 Sreoiae
993 3998 1096 4080 Rege,
1123 3999 1223 4081 siper
1247 3999 1445 4063 mediaiouem

253 4109 368 4192 Regiae
400 4107 570 4188 Maiestatis
598 4107 761 4172 Galliarum
792 4108 948 4172 honestam
979 4126 1085 4190 pacem
1118 4107 1282 4190 impetrare
1313 4108 1446 4190 potuerit

255 4216 446 4282 declarando.
496 4219 583 4280 Tunc
623 4215 641 4281 l
679 4217 816 4299 praefato
854 4218 970 4297 Legato
1006 4215 1037 4278 in
1069 4213 1270 4280 Generalibus
1308 4217 1442 4279 terminis

255 4326 371 4409 recepit
394 4324 642 4408 responsionem
675 4324 813 4388 nimirum
833 4324 949 4406 Regem
966 4325 1095 4390 Sveciae
1118 4324 1328 4389 mediationem
1363 4318 1445 4387 Sermi

292 4555 322 4629 ⁹)
341 4557 430 4626 Vorgl.
442 4572 505 4628 pag.
518 4557 561 4611 80.
574 4557 754 4628 Propositions
767 4557 957 4628 preliminaires
969 4559 1021 4610 ete.
