3040 5082
252 383 328 458 198

245 562 280 622 ut
299 557 367 641 ejus
392 563 574 645 exoperetnr
597 559 822 622 conclusionem
846 561 877 620 et
893 556 1144 620 effectuationem.
1171 555 1239 620 Non
1255 557 1339 622 enim
1355 557 1462 622 ullum

248 665 328 731 aliud
350 666 482 730 medium
503 665 551 730 vel
560 668 697 730 securius
718 671 749 728 et
768 664 909 748 dignitati
929 663 1011 726 bill.
1027 668 1196 728 vestrarum
1212 666 1460 728 convenientius

251 795 305 838 sua
321 775 393 838 Mffl.
411 775 586 840 adinvenire
599 774 709 858 potuit,
733 793 819 856 quam
838 777 869 836 ut
885 770 1085 834 resolutiones
1102 791 1176 834 suae
1192 792 1284 854 super
1296 772 1466 838 desideria

248 880 315 947 bil.
337 887 458 948 restrae
475 887 629 947 emanatas
651 879 709 945 Ml.
726 886 846 946 vestrae
862 902 918 965 per
941 875 1039 942 meum
1062 886 1174 944 serm.
1205 882 1378 964 principem
1403 903 1465 946 re-

248 996 489 1076 praesententur,
502 994 534 1054 ut
550 995 619 1054 ante
636 989 794 1054 adrentum
816 990 906 1052 etiam
923 989 969 1052 sui
987 987 1120 1070 ablegati
1137 988 1175 1051 de
1190 989 1363 1070 reciprocis
1382 989 1461 1054 bl‘i'.

249 1104 368 1164 vestrae
390 1097 625 1164 resolutionibus
642 1117 696 1161 sua
712 1095 781 1160 blm.
804 1097 961 1160 certiorari
983 1097 1093 1180 possit.
1118 1095 1156 1160 vt
1172 1092 1238 1158 llil.
1256 1102 1381 1162 vestrae
1400 1119 1465 1182 po-

251 1209 349 1274 sistris
366 1206 602 1272 resolutionibus
628 1227 720 1290 super
743 1207 839 1270 dictas
862 1227 931 1269 suas
949 1203 1173 1268 declarationes
1187 1209 1345 1288 perceptis
1362 1207 1466 1271 futuri

250 1317 322 1380 anni
340 1315 591 1398 belligerationes
607 1317 706 1399 possit
721 1315 883 1399 disponere
899 1335 952 1378 sna
964 1312 1037 1377 ΜΨ.
1055 1312 1307 1378 Christianissima
1323 1334 1466 1398 aequum

255 1422 329 1487 mibi
346 1423 560 1493 emendetur,
578 1427 610 1484 ut
627 1441 693 1486 cum
709 1441 763 1484 rex
784 1420 1057 1488 christianissimus
1080 1421 1110 1483 in
1133 1441 1236 1486 omnes
1261 1441 1315 1506 per
1338 1429 1466 1486 serm.

250 1532 419 1617 principem
435 1551 471 1594 ex
488 1529 643 1594 desiderio
659 1525 724 1592 bll'.
743 1532 866 1592 vestrae
882 1528 943 1592 sibi
961 1527 1058 1593 iactas
1076 1529 1299 1612 propositiones
1317 1529 1408 1594 clare
1430 1536 1465 1594 et

251 1639 481 1704 determinative
494 1639 693 1709 consenserit,
703 1637 870 1700 beotiam
882 1642 984 1700 restra
997 1635 1183 1718 digneturad
1194 1636 1360 1711 bocunnm,
1373 1639 1464 1722 quod

251 1751 281 1813 ri
303 1747 437 1812 solennis
461 1751 607 1810 tractatus
631 1745 677 1808 sui
701 1750 731 1808 et
759 1747 908 1826 benignae
931 1765 1004 1809 suae
1025 1744 1274 1829 appromissionis
1298 1746 1464 1812 humilime

252 1856 412 1941 expetitur,
430 1875 464 1917 se
477 1853 708 1918 determinative
717 1854 882 1918 resoluere.
899 1854 981 1918 Sane
993 1857 1140 1916 tractatus
1153 1851 1366 1918 Varscviensis
1380 1856 1464 1919 nibil

252 1967 312 2028 nisi
331 1963 416 2044 regis
440 1960 691 2025 christianissimi
713 1981 891 2025 concessum
916 1961 954 2024 ad
976 1961 1187 2026 mediationem
1204 1963 1289 2045 pacis
1303 1964 1464 2028 'Sveeicae

253 2073 410 2138 ineundam
417 2074 448 2134 et
454 2069 748 2134 confoederationem
755 2091 839 2134 suam
847 2067 1084 2134 concludendam
1097 2071 1228 2153 principi
1239 2091 1306 2134 meo
1318 2073 1462 2156 imponit,

253 2201 311 2246 nec
333 2198 435 2244 earum
457 2175 696 2240 ellectuationem
714 2179 851 2260 aequitas
868 2174 934 2240 bll'.
948 2181 1068 2242 restrae
1085 2200 1101 2241 a
1118 2198 1172 2242 sua
1189 2181 1357 2244 serenitate
1374 2181 1465 2244 desi-

254 2292 363 2356 derare
378 2287 472 2352 uoluit
488 2285 537 2351 vel
553 2287 660 2369 potuit.

345 2395 524 2462 Secunda
551 2394 761 2458 dificultas
789 2397 924 2459 oritur.
969 2396 1124 2478 Quomodo
1154 2396 1226 2459 idm.
1261 2401 1362 2462 vestra
1390 2401 1464 2464 sine

236 2511 240 2518 “
258 2507 357 2592 aperti
373 2503 447 2569 belli
462 2501 669 2567 declaratione
685 2507 790 2568 contra
805 2505 1028 2586 imperatoriam
1045 2525 1128 2568 suam
1142 2503 1230 2570 blm.
1254 2525 1407 2570 romanam
1428 2515 1461 2572 et

253 2616 424 2680 alliatorum
439 2611 506 2694 ejus
523 2615 554 2674 et
576 2612 691 2673 romani
714 2612 834 2696 imperii
852 2612 967 2678 offensa
992 2621 1084 2676 serm.
1108 2632 1174 2677 meo
1199 2613 1329 2698 principi
1352 2617 1457 2696 possit

254 2722 406 2808 opitulari.
430 2719 475 2784 dd
491 2718 570 2804 quod
586 2737 718 2802 repono,
742 2717 858 2782 Bellum
882 2717 1085 2803 'ilungarieum
1110 2743 1178 2784 eum
1202 2723 1317 2784 romani
1332 2710 1459 2807 imperii

254 2838 286 2895 et
308 2830 475 2894 ailiatorum
497 2827 657 2890 interessis
681 2825 755 2890 nibil
779 2847 936 2891 commune
957 2828 1079 2892 babere.
1109 2829 1165 2892 Est
1185 2831 1267 2894 enim
1290 2851 1307 2892 a
1332 2831 1460 2896 natione

254 2941 396 3022 Hungara
407 2955 555 3020 oppressa
567 2938 600 2996 ei
611 2935 674 2998 suis
686 2935 854 3018 privilegiis
867 2942 898 3000 et
910 2935 1102 3002 libertatibus
1114 2937 1227 3022 privata
1241 2959 1295 3022 pro
1308 2939 1459 3002 avitarum

254 3049 356 3130 legum
379 3051 410 3109 et
430 3043 602 3107 libertatum
623 3044 661 3108 ab
683 3043 821 3108 omnibus
843 3044 966 3127 regibus
988 3051 1094 3110 sancte
1116 3050 1147 3109 et
1168 3045 1321 3110 autentica
1342 3046 1460 3111 contir-

255 3160 400 3220 matarum
428 3149 483 3214 sed
510 3171 588 3214 nunc
616 3150 791 3216 violatarum
816 3156 1066 3218 restaurationem
1090 3153 1260 3220 inchoatum
1287 3159 1319 3217 et
1345 3161 1458 3227 crtrrm,

256 3262 368 3328 nullam
385 3278 452 3324 cum
467 3257 548 3322 bello
565 3257 735 3342 Hyspanico
752 3259 866 3324 babens
883 3262 1039 3326 rationem.
1074 3261 1155 3344 Ergo
1172 3263 1199 3324 si
1216 3262 1286 3326 bist.
1304 3269 1459 3328 vestraex

255 3374 355 3436 innata
372 3389 426 3433 sua
442 3367 602 3431 clementia
616 3370 647 3430 et
661 3368 691 3432 vi
703 3366 853 3449 benignae
866 3389 937 3434 suae
950 3371 1198 3454 appromissionis
1210 3370 1280 3434 huie
1293 3369 1381 3456 (rol.
1391 3371 1454 3458 16)

256 3479 368 3544 nationi
383 3475 494 3556 injuste
512 3495 678 3561 oppressas
694 3475 904 3560 opitulabitur,
927 3477 985 3541 boc
1007 3499 1064 3542 nec
1087 3477 1204 3542 alliatos
1227 3499 1283 3542 nec
1300 3500 1456 3544 romanum

257 3583 417 3670 imperium
440 3582 593 3646 offendere
616 3588 729 3666 potest.
756 3584 799 3648 Ex
820 3585 954 3668 ipsorum
970 3587 1049 3648 enim
1067 3587 1234 3651 alliatorum
1251 3607 1345 3670 super
1360 3608 1455 3671 repe-

255 3697 326 3758 titas
342 3711 415 3755 suae
431 3692 603 3755 serenitatis
624 3692 782 3756 instantias
805 3695 951 3757 emanatis
975 3691 1222 3758 resolutionibus·
1239 3700 1372 3767 consmt,
1402 3717 1456 3759 eos

257 3799 337 3866 omni
352 3800 420 3862 nisu
436 3798 467 3862 in
483 3797 515 3860 id
531 3799 704 3871 intendere,
728 3806 761 3864 ut
782 3802 933 3882 Hungaria
956 3803 988 3865 in
1011 3803 1118 3866 avitam
1136 3821 1218 3864 suam
1234 3801 1407 3866 libertatem
1425 3807 1457 3866 et

253 3911 322 3994 jura
338 3909 523 3977 restituatur,
540 3915 572 3968 ut
587 3912 669 3971 tanto
685 3909 794 3972 melius
811 3910 1005 3994 tranquilitati
1021 3907 1213 3973 Christianae
1230 3909 1368 3992 Europae
1381 3931 1455 3994 pro-

256 4019 405 4082 videatur.
426 4013 538 4078 Verum
553 4013 674 4097 ipsimet
689 4016 763 4080 dieti
781 4017 875 4080 alliati
891 4019 1023 4082 latentur
1039 4017 1077 4080 ad
1093 4017 1170 4080 haee
1186 4018 1379 4100 praestanda,
1397 4020 1456 4082 nisi

257 4127 288 4191 vi
314 4127 525 4208 imperatorem
552 4143 611 4186 non
638 4144 728 4206 posse
757 4123 855 4205 adigi,
878 4145 936 4189 nee
959 4125 1019 4190 boc
1040 4127 1101 4208 ipsi
1117 4130 1243 4209 propter
1260 4125 1455 4190 subsistentis

258 4234 420 4318 Hyspanici
436 4231 508 4295 belli
524 4231 782 4296 incommoditates
798 4238 830 4295 et
852 4233 970 4315 pondus
986 4233 1111 4298 allicere
1126 4238 1250 4316 queunt,
1267 4231 1347 4296 unde
1364 4233 1455 4297 facile

258 4347 403 4425 apparet.
425 4359 515 4423 quum
539 4341 742 4422 gratissimum
767 4341 842 4423 ipsis
859 4340 942 4413 fore3
970 4342 996 4402 si
1013 4341 1183 4404 interventu
1200 4341 1329 4423 alicujus
1345 4347 1454 4425 poten-

257 4452 329 4516 tatis
348 4450 406 4513 boc
431 4447 511 4512 effici
528 4448 636 4530 possit.
666 4447 700 4510 Si
720 4467 795 4530 ergo
817 4449 1041 4514 confoederatio
1063 4449 1142 4512 inter
1161 4448 1246 4512 illm.
1268 4454 1401 4512 vestram
1425 4455 1454 4513 et

258 4554 658 4639 regemeristianissimum
675 4555 849 4620 coalescere
866 4577 925 4620 non
938 4562 1050 4642 potest,
1058 4557 1213 4640 singulare
1227 4563 1258 4622 et
1269 4557 1453 4642 particulare
