3040 5082
1211 365 1287 435 199

85 541 243 606 servitium
260 540 372 604 reddet
387 539 458 602 lim.
475 543 575 602 vestra
592 538 717 611 alliatis,
735 540 834 621 siper
856 537 922 620 ejus
941 537 1052 602 realem
1069 541 1288 623 protectionem

82 651 279 734 tranquilitas
302 647 474 729 llungariae
497 646 726 731 procurabitur;
756 667 833 730 pace
855 647 936 710 enim
952 645 1125 728 Hungariae
1149 650 1287 714 confecta

76 759 163 840 ⁴vires
178 762 289 822 contra
302 757 420 821 Gallum
436 754 667 836 adaugebuntur
682 753 861 818 alliatorum.
879 754 917 818 Et
934 756 960 817 si
977 753 1050 816 olm.
1069 761 1169 820 vestra
1185 756 1287 820 inten-

80 867 214 930 tionatur
230 887 267 930 se
284 885 353 931 cum
370 864 457 928 Gallo
475 864 635 946 colligare,
667 868 866 946 repraesento
894 864 1049 928 humilime
1066 861 1123 928 ml.
1154 872 1287 940 1111111,

81 975 226 1057 dignetur
244 975 321 1037 lim.
349 978 450 1038 vestra
465 973 673 1057 perpendere,
696 977 826 1056 quantae
843 973 882 1037 sit
898 973 1035 1037 utilitatis
1051 993 1107 1058 pro
1126 974 1286 1040 interessis

82 1081 148 1147 lfffl.
180 1087 307 1146 vestrae
334 1081 372 1145 ad
395 1081 688 1144 confoederationem
712 1079 857 1146 Gallicam
880 1081 1116 1146 concludendam
1133 1081 1287 1165 copiarum

80 1189 145 1256 lli&
161 1197 289 1258 vestrae
305 1193 337 1255 in
352 1191 534 1273 Hungariam
550 1190 720 1254 submissio.
746 1191 780 1254 Si
797 1190 918 1276 quidem
935 1209 989 1254 rex
1006 1189 1284 1256 christianissimus

80 1321 134 1388 pro
151 1303 222 1366 basi
240 1299 516 1366 confoederationis
532 1298 621 1380 hujus
639 1299 789 1362 ineundae
805 1299 948 1384 supponit
964 1297 1075 1362 realem
1098 1300 1164 1381 ejus
1181 1300 1286 1364 auxilii

81 1411 385 1482 administrationem,
401 1408 480 1492 quod
498 1405 555 1471 lli.
574 1413 692 1472 vestrae
708 1408 897 1472 vitractatus
911 1407 1123 1473 Varsoviensis
1136 1408 1286 1492 Hungaris

82 1524 112 1582 et
127 1527 224 1584 serm.
242 1519 375 1603 principi
392 1518 556 1582 clementer
572 1517 790 1600 appromitterc
806 1515 935 1600 placuit,
959 1516 1039 1580 nulla
1063 1537 1137 1581 sane
1159 1520 1286 1585 confoe·

82 1627 199 1691 doratio
229 1627 291 1690 nisi
312 1625 440 1710 partium
467 1625 706 1690 contrabentium
729 1624 910 1688 utilitatibus
932 1624 1080 1707 praevisis
1097 1628 1285 1711 proponitur.

83 1735 165 1816 Quae
181 1735 246 1798 sint
261 1735 404 1805 rationes,
428 1731 598 1816 quaeum.
615 1737 748 1796 vestram
764 1733 796 1794 in
811 1731 996 1796 desiderium
1008 1733 1285 1802 confoederationis

82 1861 154 1906 suae
171 1861 241 1906 cum
258 1839 357 1904 Gallia
373 1839 568 1924 impulerint,
586 1841 667 1904 scire
683 1859 781 1904 meum
798 1859 859 1903 non
876 1845 932 1904 est.
958 1840 1125 1904 Sinceritas
1142 1846 1286 1910 autemst

82 1950 259 2033 magnitudo
276 1949 367 2030 hujus
382 1947 530 2012 desiderii
547 1947 596 2011 vel
613 1947 719 2011 exinde
736 1953 892 2033 apparent,
910 1948 990 2032 quod
1005 1949 1035 2012 vi
1052 1948 1185 2014 solennis
1201 1958 1284 2017 trac-

80 2063 161 2122 tatus
178 2057 251 2120 lim.
275 2061 377 2120 vestra
394 2055 562 2139 principem
579 2075 676 2120 meum
692 2056 731 2117 ad
748 2075 812 2118 eam
829 2056 1041 2136 negotiandam
1058 2057 1177 2139 adegit,
1206 2069 1237 2122 et
1253 2067 1286 2124 ut

83 2189 136 2234 sua
160 2166 314 2230 serenitas
332 2185 398 2226 eam
415 2167 559 2249 exoperat
575 2183 591 2226 a
607 2163 704 2227 trihus
720 2163 802 2249 (Fol.
823 2163 882 2247 17)
904 2163 1054 2228 coutinuis
1077 2167 1161 2230 annis
1185 2174 1286 2233 vestra

83 2275 153 2339 all-¹.
163 2296 223 2338 non
232 2274 346 2337 desinit
355 2273 507 2336 1111111111
521 2278 551 2336 11
560 2273 720 2336 exhortare
728 2293 812 2335 suam
819 2273 1023 2336 serenitatem.
1038 2274 1154 2338 Etmihi
1163 2279 1284 2359 cognita

83 2405 117 2448 ex
137 2386 198 2448 hac
214 2380 281 2447 M‘ss.
303 2383 470 2446 vestraein
488 2383 711 2446 conclusionem
729 2381 830 2444 dictae
847 2382 1125 2446 confoederationis
1141 2385 1284 2452 aviditate

85 2493 245 2566 concludo,
263 2492 349 2555 Mum.
368 2495 498 2554 vestram
515 2509 617 2556 omnes
635 2513 705 2554 suas
719 2490 862 2554 utilitates
876 2491 985 2554 exinde
998 2497 1137 2556 enaturas
1146 2494 1208 2576 jam
1221 2501 1283 2560 tum

85 2602 285 2684 praevidisse,
311 2601 433 2664 eumad
451 2600 516 2682 ejus
529 2599 764 2664 elaborationem
778 2605 892 2663 serm.
910 2599 1023 2664 dictum
1035 2599 1204 2684 principem
1221 2601 1281 2669 lli.
1361 2681 1362 2684 Ἴ

85 2715 203 2774 vestrae
215 2709 330 2792 placuit
344 2708 490 2790 obligare.
507 2709 544 2771 lt
556 2727 609 2771 rer
619 2707 895 2772 christianissimus
909 2707 1005 2771 nullas
1014 2727 1069 2792 pro
1081 2713 1236 2792 praesenti
1244 2735 1280 2776 111

83 2817 412 2882 hacconfoederatione
428 2817 544 2880 directe
553 2823 656 2901 potest
665 2818 824 2901 percipere
834 2816 990 2889 utilitates,
1008 2817 1105 2880 nisiin
1116 2819 1276 2885 interessis

85 2924 170 2990 serffi.
187 2926 248 2988 mei
264 2925 420 3008 principis.
446 2925 553 2988 Restat
569 2925 656 2988 modo
674 2924 898 2988 exaurinandum
915 2943 973 3007 qua
990 2925 1165 2990 modalitate
1181 2930 1280 3010 possit

85 3035 266 3100 Μ’·’.111111
277 3039 369 3097 serm.
387 3053 453 3096 meo
464 3033 596 3116 principi
609 3035 827 3116 appromissam
841 3051 922 3096 suam
935 3032 1048 3096 realem
1060 3036 1280 3116 protectionem

85 3145 148 3208 sine
159 3145 258 3227 aperti
272 3141 344 3205 belli
364 3145 468 3206 contra
485 3141 647 3204 Romanum
661 3144 872 3224 imperatorem
886 3139 1092 3204 declaratione
1103 3141 1278 3208 effectuare.

171 3248 354 3315 Occurrit
365 3249 457 3312 mihi
470 3249 602 3332 primo,
617 3250 738 3333 species
752 3249 933 3314 venditionis
947 3250 1110 3332 copiarum.
1124 3251 1210 3316 Sicut
1226 3273 1280 3315 rex

85 3355 627 3424 11111111111111101111111111111111
642 3361 727 3439 regis
740 3361 822 3441 justa
836 3357 951 3422 oflensa
967 3360 1070 3440 copias
1087 3379 1156 3448 suas
1169 3359 1278 3424 alliatis

85 3464 1278 3550 renoitnonnerrcvestrapossetsimilimodoetrationealiquotnilliumho-
1334 3489 1338 3496 ’

86 3575 191 3639 minum
204 3575 346 3638 auxilium
358 3581 450 3637 serm.
460 3593 525 3637 meo
535 3576 666 3658 principi
679 3575 857 3640 submittere
871 3578 1277 3660 ettamennecessariampro

86 3679 143 3748 llfl'.
160 3688 283 3748 vestrae
296 3683 455 3746 interessis
469 3683 627 3747 amicitiam
640 3703 707 3748 cum
718 3686 900 3768 imperatore
909 3683 1039 3748 Romano
1056 3703 1115 3747 non
1127 3704 1276 3770 rumpere.

167 3793 206 3854 Et
222 3792 250 3854 si
265 3791 425 3854 interessis
442 3787 507 3854 Ma..
536 3797 658 3855 vestrae
675 3792 852 3855 contrariari
867 3793 987 3858 videtur
1002 3791 1202 3876 qualicunque
1219 3793 1275 3858 sub

84 3906 237 3980 praetextu
255 3905 347 3962 serm.
364 3920 431 3964 meo
443 3901 574 3985 principi
591 3901 780 3985 appromissa
797 3900 903 3964 auxilia
917 3901 1054 3964 effectiva
1067 3906 1137 3964 ante
1149 3902 1275 3965 conclu-

86 4007 192 4072 sionem
203 4005 480 4073 confoederationis
491 4029 558 4072 cum
567 4009 662 4074 Gallia
671 4009 821 4073 ineundae
831 4009 1020 4080 submittere,
1029 4009 1106 4073 duae
1115 4015 1275 4073 occurrunt

84 4117 299 4198 Angustissime
319 4118 500 4200 imperator,
520 4117 720 4188 modalitates,
735 4117 844 4201 quibus
865 4119 1054 4203 appromissa
1068 4113 1134 4179 lllfl'.
1152 4121 1272 4181 vestrae

86 4225 229 4306 protectio
247 4225 313 4288 sine
330 4227 408 4293 omni
425 4226 474 4289 vel
490 4227 597 4290 saltem
615 4225 789 4289 offensionis
807 4225 911 4290 umbra
930 4225 1084 4290 effectuari
1101 4229 1212 4308 potest.

169 4334 294 4398 Prima
307 4339 366 4398 est
378 4338 549 4418 praetextus
562 4333 690 4396 reditum
701 4334 785 4414 regis
799 4335 926 4398 Sveciae
935 4332 1129 4419 impediendi.
1142 4331 1205 4396 Sub
1214 4332 1273 4398 hoc

87 4447 234 4524 praetextu
248 4442 322 4506 Mra
340 4447 440 4506 vestra
458 4443 523 4506 sine
540 4443 653 4506 1111111
671 4441 863 4526 Imperatoris
879 4442 1003 4505 Ronraui
1017 4445 1047 4504 et
1058 4442 1187 4526 positiva
1201 4461 1274 4505 suae

87 4552 275 4634 protectionis
299 4551 503 4618 declaratione
527 4559 628 4637 potest
650 4553 697 4618 vel
721 4553 844 4616 maxime
862 4571 934 4616 suae
951 4552 1110 4616 serenitati
1126 4551 1271 4618 auxiliari.
