3066 5078
282 349 358 422 344

277 522 460 587 florenos
492 521 616 586 eidem
646 525 784 604 preter
816 521 1000 606 superius
1033 491 1257 600 assignatos
1288 516 1385 580 dedi
1411 535 1494 600 ριν

277 632 417 696 reditu.
441 630 583 694 Dominus
606 649 679 692 vero
703 627 935 710 brigaderus
960 628 1095 698 hemer
1119 625 1248 690 obtinuit
1269 645 1285 687 a
1311 645 1368 688 sua
1393 643 1467 686 ser·
1499 651 1500 654 ¹

277 740 371 803 nitate
418 737 724 821 assignationem
769 737 813 800 ad
852 735 919 800 400
958 754 1098 798 aureos
1131 732 1494 817 quadringentos,

277 847 434 932 cupitque,
466 850 499 909 ut
535 844 719 928 explicarem
752 842 929 908 valorem
962 843 1070 907 aurei
1100 841 1137 932 in
1166 839 1335 903 florenis
1371 837 1414 912 4,
1449 837 1492 902 id

277 958 598 1038 estquatuorpro
615 971 718 1015 more
742 971 892 1016 cursum
909 970 1013 1014 suum
1029 949 1124 1033 apud
1142 967 1208 1010 nos
1224 947 1397 1019 habere,
1417 946 1492 1010 cui

276 1081 418 1126 summa
443 1082 486 1125 ex
508 1059 696 1125 solvenda
720 1059 863 1122 ibidem
884 1057 1077 1142 adequari
1099 1055 1251 1120 debeat.

366 1169 524 1234 Caeterum
548 1167 674 1234 eandem
697 1167 776 1232 bene
798 1167 902 1232 ualere
924 1164 1075 1230 desidero.

430 1346 573 1430 Ejusdem
596 1345 816 1411 Dominatiouis
841 1346 967 1408 Vestrae

844 1513 994 1577 Amicus
1020 1511 1173 1576 servire
1196 1517 1379 1594 paratus.
1511 1439 1515 1590 l

924 1620 957 1685 C.
984 1619 1023 1683 Μ.
1048 1619 1247 1700 Bercsenij
1273 1638 1312 1682 m.
1332 1640 1362 1703 p.
1513 1601 1517 1724 l

852 1793 1069 1877 Stephanus
1094 1791 1270 1874 Kruseay
1293 1809 1333 1852 m.
1350 1811 1382 1874 p.

431 1940 498 2003 Por
521 1939 550 2001 le
572 1936 610 2002 Sr
624 1939 655 2002 le
675 1939 792 2024 prend,

365 2084 453 2146 Remo
469 2082 499 2145 le
515 2081 537 2146 2
552 2083 593 2146 de
603 2081 704 2148 Juliet
718 2081 821 2145 1710.

852 2438 905 2502 32.

488 2615 710 2681 Schreiben
735 2614 949 2680 desselben
972 2635 1016 2679 an
1039 2615 1260 2680 denselben.

625 2795 819 2867 Kaschau,
847 2795 901 2859 23.
918 2794 1023 2879 April
1046 2795 1143 2859 1710.

366 2975 528 3039 Monsieur.
562 2974 595 3036 ln
617 2975 752 3058 proxime
775 2975 949 3058 praeteritis
977 2975 1062 3046 meis,
1087 2975 1272 3057 pereundem
1296 2972 1477 3046 Cursorem,

273 3083 323 3166 qui
338 3082 435 3147 vellus
452 3085 582 3147 Aureum
599 3083 749 3154 attulerat,
765 3084 925 3166 rescriptis
942 3082 1165 3146 notificaveram
1180 3082 1249 3144 fuse
1269 3080 1477 3146 Dominationi

272 3192 411 3262 Vestrae,
434 3191 591 3253 Dominum
615 3189 792 3253 Desalleurs
815 3191 908 3253 inisse
931 3191 962 3254 in
986 3190 1105 3254 Bender
1130 3189 1168 3252 ad
1188 3190 1303 3270 Regem
1328 3189 1475 3261 Sueeiae,

274 3299 352 3365 unde
381 3317 459 3361 nunc
483 3297 604 3362 advenit
626 3300 773 3360 remissus
800 3297 995 3361 Reverendus
1023 3297 1114 3360 Pater
1140 3297 1282 3360 Dominus
1309 3296 1401 3383 Fray,
1419 3320 1476 3382 per

274 3426 362 3490 quem
379 3404 512 3468 notificat
527 3406 672 3469 Dominus
689 3405 864 3469 Desalleurs
881 3405 1103 3477 resolutionem,
1126 3424 1231 3488 quam
1254 3405 1289 3466 in
1316 3406 1475 3487 negotio

274 3516 387 3597 pacis
420 3535 497 3578 oum
523 3512 662 3578 Csarea
693 3513 898 3594 majestate
929 3513 1106 3576 ineunda
1138 3533 1272 3592 arege
1303 3515 1475 3578 sveciae

274 3623 403 3707 accepit,
419 3621 557 3684 nimirum
574 3621 652 3705 quod
669 3621 814 3684 omnino
831 3626 1045 3702 acceptare
1070 3622 1177 3703 cupit
1198 3621 1473 3684 mediationem

274 3728 526 3793 serenissimi
560 3729 668 3809 regis
696 3728 1021 3792 christianissimi
1050 3733 1088 3791 et
1114 3728 1159 3790 ad
1181 3729 1470 3810 paciscendum

272 3841 515 3919 sepromtum
539 3835 733 3906 declarat.
757 3836 948 3901 dummodo
973 3837 1188 3899 sinceritas
1220 3841 1260 3898 et
1284 3836 1471 3900 voluntas

273 3943 501 4027 paciscendi
523 3948 667 4026 aparte
684 3965 782 4007 suae
805 3942 977 4008 Csareae
996 3943 1215 4024 ldajestatis
1239 3945 1472 4024 declaretur

274 4050 530 4114 sufficienter
557 4070 627 4134 per
648 4051 903 4115 moscovitioi
934 4050 1104 4132 alicujus
1136 4051 1308 4114 ministri
1342 4054 1471 4136 scrip-

273 4163 357 4221 tum.
383 4156 539 4242 Siquidem
564 4158 641 4221 hanc
665 4159 906 4222 voluntatem
934 4159 1165 4240 paciscendi
1198 4158 1345 4222 Csanus
1378 4181 1470 4224 mos-

273 4264 408 4327 ooviae
431 4268 519 4346 post
550 4265 762 4328 victoriam
793 4279 898 4328 suam
922 4285 994 4328 non
1018 4285 1088 4348 per
1115 4265 1336 4329 ministrum
1368 4286 1470 4331 suum

273 4369 343 4433 sed
366 4391 435 4454 per
451 4369 644 4433 dominum
661 4370 874 4434 Palatinum
890 4372 1131 4435 helosensem
1148 4373 1274 4436 Domino
1293 4373 1468 4438 Desalleurs

272 4477 432 4542 insinuavit
448 4497 483 4541 ao
505 4477 708 4543 Serenissimo
736 4479 870 4562 Principi
885 4500 941 4563 per
966 4498 1050 4544 suum
1068 4479 1145 4563 apud
1162 4479 1265 4543 Aulam
1290 4480 1467 4545 Csaream
