3040 5082
272 419 348 492 tuo

358 595 393 659 Si
415 617 488 660 vero
520 617 573 660 sua
598 605 690 660 serm.
714 598 880 680 lmperialis
905 597 975 662 blm.
999 599 1131 662 Romana
1156 599 1370 663 mediationem
1394 594 1468 660 Μῶ.

212 705 216 712 ’
266 704 1469 791 vestraepropacisgeneralisconelusioneacceptarenolletautsubtilitatibus

266 810 524 897 qualibuscunque
542 813 667 878 eludere
683 814 785 886 vellet,
803 835 855 877 ren
872 813 1143 880 christianissimus
1159 819 1188 880 ri
1204 815 1292 896 hujus
1310 836 1384 878 suae
1410 817 1469 878 de-

266 920 438 984 clarationis
456 941 490 984 se
507 919 573 986 Μ“·.
591 928 711 987 vestrae
727 923 952 988 confederatnm
970 929 1000 988 et
1016 925 1147 989 alliatum
1165 945 1235 988 esse
1252 925 1311 987 vult
1334 929 1365 986 et
1383 923 1470 988 desi-

267 1029 352 1094 derat
378 1031 510 1113 reputari
539 1031 595 1094 sub
621 1031 842 1097 conditionibus
871 1033 1084 1118 sequentibus:
1115 1031 1349 1098 particularibus
1377 1032 1468 1096 blm.

263 1142 430 1202 vestrarum
442 1138 601 1202 interessis
614 1138 651 1201 ad
666 1139 824 1204 aduentum
839 1139 1028 1222 publicorum
1037 1161 1157 1204 suorum
1170 1145 1322 1202 oratorum
1332 1137 1466 1226 (quibus

264 1266 299 1308 se
310 1247 397 1308 etiam
411 1266 428 1308 a
441 1246 499 1318 Μ’,
518 1252 618 1310 restra
632 1247 775 1312 honorari
786 1245 1304 1332 desideratrexchristianissimus)
1314 1248 1466 1340 remissis,
1481 1329 1488 1336 ¹

263 1355 313 1438 qui
322 1354 360 1417 de
372 1354 420 1417 his
433 1374 516 1418 more
525 1357 637 1419 usitato
644 1355 871 1420 formalitatibus
880 1362 911 1419 et
920 1357 1151 1420 solennitatibus
1159 1352 1244 1419 Μ*“““’.
1251 1353 1465 1440 vestra(ru)m

263 1462 462 1544 dignitatibus
481 1463 730 1528 convenientibus
748 1463 916 1527 observatis
932 1464 1120 1528 tractabunt:

356 1569 539 1637 conditio
563 1573 694 1657 prima.
719 1571 757 1634 Vi
774 1571 862 1654 hujus
889 1573 1161 1636 confoederationis
1182 1572 1333 1635 ineundae
1351 1573 1464 1652 digna-

261 1677 342 1743 bitur
372 1679 442 1742 Μ“·.
468 1685 569 1744 vestra
591 1687 705 1744 serm.
733 1681 900 1763 principem
925 1679 1162 1764 Transylraniae
1188 1679 1249 1760 jam
1273 1682 1363 1744 etiam
1387 1676 1461 1742 blffi.

262 1795 384 1852 vestrae
401 1788 644 1852 confoederatum
662 1798 693 1851 et
710 1787 858 1860 alliatum,
888 1797 919 1852 at
941 1788 1101 1872 specialem
1119 1807 1192 1850 suae
1209 1785 1274 1850 ΜΨ.
1293 1788 1378 1872 (Fal.
1399 1786 1464 1872 13)

262 1895 537 1960 christianissimae
550 1899 676 1960 amicum
689 1895 744 1959 sub
757 1897 970 1979 particularem
983 1917 1066 1960 suam
1078 1895 1298 1978 protectionem
1310 1916 1465 1960 summere

261 2023 387 2068 unacum
404 2003 683 2068 confoederatorum
705 2003 913 2086 ilungarorum
938 2005 1111 2076 ordinibus,
1144 2003 1232 2087 vique
1248 2003 1464 2068 Varsoviensis

258 2116 405 2176 tractatus
421 2114 498 2197 ipsis
510 2113 729 2197 appromissam
743 2113 931 2193 omnigenam
948 2113 1125 2196 possibilem
1140 2117 1172 2175 et
1185 2111 1298 2174 realem
1311 2113 1464 2175 assisten-

255 2219 328 2282 tiam
344 2224 480 2303 prestare
497 2241 600 2306 parem
617 2221 736 2294 affectu,
754 2241 811 2305 quo
826 2220 895 2284 ΜΨ.
912 2226 1014 2284 uestra
1027 2221 1058 2282 in
1072 2241 1156 2283 suam
1172 2219 1463 2284 christianissimam

256 2327 338 2390 illim.
356 2327 424 2392 duci
442 2329 605 2393 desiderat.

347 2434 528 2500 Conditio
547 2436 737 2501 secunda:
754 2435 935 2518 Dignabitur
948 2439 1038 2500 etiam
1051 2437 1121 2502 blm.
1150 2441 1250 2500 restra
1267 2443 1382 2499 serm.
1401 2437 1462 2498 Ra-

255 2545 356 2608 uariae
373 2545 544 2609 Electorem
563 2547 637 2628 pari,
655 2565 712 2628 quo
729 2548 759 2608 in
776 2544 1064 2608 christianissimum
1080 2565 1187 2626 regem
1200 2544 1331 2616 ducitur,
1349 2545 1462 2608 affectu

255 2653 447 2735 amplectere,
465 2673 538 2715 suae
554 2654 710 2716 serenitati
725 2652 889 2717 lllectorali
906 2655 935 2715 in
953 2653 1089 2716 omnibus
1107 2653 1291 2716 occurentiis
1309 2653 1460 2715 auxiliari.

346 2762 605 2844 Recompromittit
616 2783 669 2826 sua
683 2761 935 2825 christianissima
943 2761 1015 2824 blm.
1028 2760 1156 2842 vihujus
1165 2781 1237 2824 suae
1246 2759 1462 2824 declarationis

255 2869 341 2950 regia
355 2867 627 2933 tideobservandae
637 2870 674 2934 ab
685 2891 720 2933 eo
729 2890 786 2954 quo
796 2867 994 2953 placebitlllfi.
1005 2877 1126 2933 vestrae
1135 2873 1282 2932 momento
1296 2867 1335 2932 ad
1344 2867 1460 2931 realem

260 2985 351 3040 serm.
376 2978 506 3062 principi
530 2979 698 3060 promissae
725 2999 798 3041 suae
815 2979 1014 3062 protectionis
1031 2978 1273 3041 effectuationem
1291 2977 1459 3048 resoluere,

260 3084 504 3150 confoederatum
521 3107 555 3148 se
572 3091 602 3148 et
619 3086 750 3149 alliatum
768 3083 834 3149 ΜΨ.
851 3091 972 3149 vestrae
988 3087 1121 3170 reputari
1137 3085 1235 3158 uelle,
1261 3105 1319 3148 nee
1336 3086 1461 3150 univer-

260 3195 333 3256 salis
357 3193 440 3276 pacis
463 3198 621 3257 tractatum
653 3196 719 3256 sine
736 3191 803 3258 Mt.
820 3199 942 3258 vestrae
964 3198 993 3258 in
1011 3215 1076 3258 eam
1094 3193 1364 3277 comprehensione
1381 3193 1458 3256 inirc

261 3302 310 3365 vel
326 3301 474 3382 negotiari
491 3303 604 3366 facere.

350 3410 388 3473 ut
410 3411 436 3473 si
457 3411 577 3492 quidem
601 3411 637 3474 ad
659 3410 736 3473 baec
753 3411 933 3492 negotianda
950 3411 996 3473 sui
1013 3413 1141 3474 oratoris
1159 3409 1335 3474 ermittendi
1351 3409 1412 3472 iter
1429 3414 1458 3470 et

259 3519 403 3582 adventus
421 3519 555 3582 locorum
571 3519 712 3582 distantia
730 3517 948 3590 remorabitur,
966 3519 1116 3602 expedivit
1133 3539 1188 3581 sua
1205 3517 1277 3588 blm,
1306 3517 1455 3580 dominum

260 3627 297 3690 de
322 3627 412 3690 Balua
446 3647 512 3690 cum
542 3631 697 3690 caractere
727 3625 958 3688 extraordinarii
986 3628 1033 3690 sui
1059 3627 1193 3707 ablegati
1215 3625 1253 3688 ad
1282 3626 1362 3689 latus
1393 3621 1456 3688 lll‘⁵⁸.

260 3741 388 3798 vestrae.
413 3736 451 3798 Et
467 3740 499 3798 ut
516 3734 654 3815 dignitati
671 3733 752 3796 Μ*““.
775 3738 941 3796 vestrarum
967 3739 997 3797 et
1020 3736 1107 3817 hujus
1131 3735 1346 3817 negotiationis
1365 3753 1455 3797 seeu-

258 3843 339 3905 ritati
363 3843 545 3913 consulatur,
569 3842 726 3927 requisivit
757 3861 810 3905 sua
839 3842 1092 3906 christianissima
1118 3844 1191 3906 blm.
1217 3850 1332 3906 sermm.
1361 3861 1457 3906 meum

258 3951 437 4034 principem,
450 3955 481 4012 ut
493 3951 640 4034 siquidem
651 3972 705 4034 per
719 3951 785 4032 ejus
799 3949 1008 4013 mediationem
1022 3949 1135 4034 placuit
1144 3948 1200 4014 blf.
1209 3957 1332 4016 restrae
1344 3951 1457 4016 haecce

259 4060 418 4138 negotiari,
436 4059 509 4121 velit
526 4079 578 4121 sua
596 4059 745 4122 serenitas
761 4061 881 4122 nomine
898 4079 970 4122 suae
989 4055 1054 4122 llll&
1069 4059 1343 4124 christianissimae
1362 4060 1457 4123 omnia

259 4165 335 4228 haec
354 4163 410 4228 Ma
430 4170 551 4230 restrae
576 4168 711 4238 referre,
725 4167 765 4230 de
782 4187 883 4230 eornm
901 4167 1081 4231 certitudine
1110 4168 1190 4232 blm.
1217 4173 1350 4232 vestram
1372 4187 1455 4231 asse-

258 4280 413 4337 emarcet
434 4273 500 4353 ejus
523 4294 615 4357 super
637 4277 712 4338 haec
734 4275 911 4338 relationem
935 4283 1087 4362 expetere.
1121 4277 1206 4358 Quod
1229 4297 1282 4339 sua
1307 4277 1455 4341 serenitas

258 4381 468 4460 praesentibus
486 4383 637 4444 humilima
653 4384 820 4466 exequitur.

1149 4493 1300 4555 Vettes.
