3066 5078
1205 444 1282 515 347

88 620 240 682 conuictus
265 618 337 681 huic
360 637 434 680 suae
461 617 634 682 serenitatis
652 617 851 702 propositioni
868 635 1024 682 assensum
1040 616 1207 680 simulando
1229 637 1283 700 pro

86 726 191 788 Lustra
209 729 241 788 et
257 723 465 788 subdivisione
481 744 594 797 eorum,
611 726 661 810 qui
678 745 836 788 remanere
853 727 882 790 in
900 727 1026 789 servitio
1049 725 1170 796 vellent,
1193 724 1283 788 Polo·

86 833 167 896 nicae
182 831 312 915 primurn
329 836 504 896 contractae
519 833 648 897 fuissent
660 835 778 915 copiae,
795 833 863 916 ipse
879 833 1030 896 Palatinus
1047 852 1113 897 cum
1130 830 1174 895 40
1189 833 1285 896 veril-

86 942 121 1005 lis
136 942 318 1005 Polonorum
334 939 390 1026 (ad
403 940 573 1004 distantiam
590 961 645 1005 sex
660 941 820 1005 hliliarium
832 961 887 1024 pro
901 947 972 1004 tunc
989 942 1137 1004 existente
1155 961 1170 1003 a
1188 942 1283 1004 Sere·

86 1050 205 1112 nissimo
230 1044 394 1131 Principe)
417 1049 515 1111 medis
543 1055 632 1112 nocte
660 1049 737 1112 clam
765 1048 921 1121 discessit,
948 1051 1066 1132 iterque
1091 1068 1175 1111 sunm
1200 1051 1284 1116 recta

85 1156 263 1221 lloldaviam
283 1176 391 1220 rersus
414 1155 573 1220 celerrimo
597 1177 688 1221 cursu
704 1161 884 1240 prosecutus
901 1161 958 1228 est,
985 1156 1095 1240 ubique
1117 1157 1283 1238 insignum

86 1265 332 1346 ingratitudinis,
356 1270 388 1328 et
411 1283 637 1348 recompensam
657 1266 870 1329 beneficiorum
893 1265 982 1329 villas
1007 1271 1038 1329 et
1054 1265 1182 1350 oppida,
1207 1285 1284 1348 qvae

85 1375 257 1446 transierat,
280 1373 449 1456 expilando‚
471 1374 669 1458 hominesque
684 1381 805 1440 nostros
830 1375 982 1439 hostiliter
1003 1373 1093 1458 plane
1117 1374 1282 1440 tractando.

85 1482 149 1546 Non
166 1482 331 1547 defuerunt
346 1481 466 1565 quidem
483 1482 609 1546 ordines
625 1483 663 1546 ad
680 1503 734 1547 eos
750 1481 973 1568 insequendos,
991 1483 1045 1546 sed
1062 1490 1121 1545 tam
1140 1483 1284 1546 citissimo

86 1590 133 1654 diu
157 1594 314 1673 noctuque
336 1589 504 1672 pergebant
516 1609 617 1662 cursu,
634 1597 668 1654 ut
684 1591 845 1677 rixatique
863 1593 908 1654 eis
930 1591 1041 1674 opponi
1057 1590 1189 1673 potuerit
1204 1591 1285 1652 resi-

87 1699 204 1762 stentia.
230 1698 380 1780 Regulata
403 1717 475 1762 vero
497 1699 599 1762 militia
623 1719 726 1762 eorum
748 1701 900 1779 longiuso
928 1699 1049 1762 Polonis
1076 1699 1208 1760 existens
1235 1698 1285 1761 hic

86 1807 228 1870 remansit
256 1811 288 1870 et
315 1825 354 1868 ne
381 1805 460 1868 idem
488 1805 596 1870 malum
621 1812 652 1870 et
678 1809 739 1891 ipsi
763 1807 911 1879 facerent,
942 1806 1160 1870 Serenissimus
1192 1805 1283 1868 Prin·

85 1935 155 1998 ceps
172 1913 300 1976 militari
313 1911 413 1976 subito
429 1915 584 1997 praecavit
598 1935 697 1989 mann,
714 1921 746 1979 et
767 1915 865 1978 coacti
878 1919 947 1978 sunt
961 1914 1134 1994 homagium
1151 1912 1282 1977 fidelita-

84 2025 121 2084 tis
142 2021 316 2104 deponere,
346 2040 381 2084 ac
403 2022 454 2103 qui
477 2022 536 2085 hoc
567 2021 679 2086 nollent
699 2042 754 2086 sno
783 2021 871 2086 modo
904 2021 1005 2092 chire,
1026 2025 1116 2104 prout
1145 2020 1282 2102 plurimis

84 2129 265 2193 officialibus
296 2129 427 2192 dimissis
452 2129 595 2213 Gregarij
628 2131 766 2213 deposito
796 2129 936 2210 homagio
967 2149 1070 2192 omnes
1094 2129 1123 2191 in
1155 2129 1280 2192 servitio

85 2242 311 2308 remanserunt,
336 2237 474 2321 interque
500 2238 557 2301 alia
573 2239 717 2320 regimina
734 2243 803 2302 sunt
819 2237 921 2301 diuisi.
952 2235 1071 2300 Taliter
1086 2255 1139 2299 rex
1155 2235 1286 2300 Sreciae

85 2347 115 2408 in
131 2346 260 2425 gratiam
277 2345 470 2428 Imperatoris
488 2345 694 2410 contusionem
718 2345 912 2410 serenissimo
929 2344 1062 2427 Principi
1079 2345 1214 2408 causarit
1230 2363 1286 2426 per

86 2451 323 2515 declarationem
353 2452 503 2516 amicitiae
525 2455 555 2515 et
580 2452 783 2535 colligationis
813 2472 886 2516 suae
911 2472 977 2516 cum
1007 2451 1193 2533 Imperatore
1221 2451 1285 2514 suis

86 2561 181 2644 copijs
196 2561 416 2632 transmissam,
433 2561 568 2645 satisque
588 2559 739 2626 soliciti
764 2581 905 2632 sumus,
928 2557 1106 2643 quomodo
1130 2557 1283 2621 Csarum

85 2669 265 2753 quietare
287 2688 494 2751 possumus
512 2669 550 2732 de
571 2670 629 2733 hoc
645 2670 805 2733 inhonesto
827 2675 858 2733 et
873 2667 962 2753 plane
978 2668 1169 2751 inexpectato
1186 2666 1281 2749 ipsius

85 2775 212 2839 Palatini
236 2773 415 2858 Kydriensis
439 2795 581 2848 recessu,
609 2777 659 2859 qui
674 2776 763 2839 tidem
780 2780 811 2838 et
826 2776 958 2859 parolam
974 2793 1057 2837 susm
1079 2773 1192 2857 scripto
1210 2791 1283 2837 suae

86 2882 244 2946 serenitati
260 2883 386 2946 dederat
409 2889 440 2948 et
462 2883 675 2948 serenissimus
696 2885 844 2965 Princeps
868 2880 954 2945 Crari
980 2883 1096 2964 scripto
1119 2881 1200 2943 cavit
1227 2899 1283 2962 pro

6 3017 8 3072 ι
86 2989 219 3052 Palatino
237 2995 269 3052 et
290 2989 387 3074 copijs
408 2990 474 3071 ejus
491 3010 529 3053 ne
545 3010 600 3074 per
615 2991 826 3054 hloscoviticas
843 2993 1099 3074 persequerentur
1115 2986 1204 3050 ultro.
1218 2985 1285 3049 darn

85 3117 155 3161 vero
180 3099 279 3160 Deum
303 3101 334 3160 et
361 3097 531 3180 Principem
556 3097 683 3170 fefellit,
716 3104 754 3160 et
777 3099 852 3160 nisi
883 3096 997 3177 hujus
1029 3095 1282 3157 mediationis
1383 3159 1387 3168 ,

87 3203 267 3288 superius
292 3203 534 3278 declaratae,
557 3204 803 3268 serenissimi
821 3202 1155 3266 christianissimi
1177 3201 1285 3282 regis

6 3313 7 3366 ἒ
85 3315 186 3377 ratio
211 3313 438 3376 interventa
455 3313 565 3376 nohis
583 3312 692 3386 adsit,
710 3310 981 3397 extremam(a)
1000 3308 1116 3373 Charo
1134 3309 1283 3372 vindic-

6 3431 8 3488 ὲ
87 3424 159 3484 tam
184 3419 477 3504 prestolandam
506 3420 703 3493 hahemus,
729 3421 851 3484 omnia
880 3417 1136 3483 enimPoloniae
1153 3416 1282 3480 confinia

6 3515 7 3530 ¹
88 3533 189 3593 nostra
206 3526 324 3610 repleta
342 3531 412 3589 sunt
428 3527 525 3611 copijs
542 3528 757 3600 Moscoviticis,
775 3549 832 3612 qne
857 3529 997 3592 continuo
1021 3524 1183 3612 Kydrianis
1205 3526 1286 3588 invi-

87 3635 224 3717 gilabant
246 3640 276 3698 et
291 3634 369 3698 hene
385 3635 609 3718 praedixerunt,
627 3636 705 3720 qvod
721 3636 796 3720 ipsis
818 3633 969 3698 fidendum
993 3653 1051 3696 non
1074 3633 1124 3704 sit,
1140 3631 1191 3714 qui
1213 3650 1287 3714 pro-

86 3746 162 3812 xime
185 3763 241 3806 nos
254 3761 373 3826 quoque
389 3741 548 3824 decepturi
573 3747 657 3814 sunt,
683 3747 714 3805 et
736 3743 848 3805 facturn
872 3745 929 3804 est.

178 3850 224 3913 Eo
240 3848 405 3914 ferventius
422 3849 548 3931 proinde
564 3849 760 3912 insistendum
778 3853 825 3911 est
842 3847 1044 3911 Dominationi
1060 3845 1189 3909 Vestrae
1209 3845 1286 3928 apud

86 3958 191 4024 Aulam
206 3956 401 4020 Serenissimi
415 3956 507 4037 Regis
521 3954 782 4028 Christianissimi,
796 3962 835 4022 ut
851 3957 1046 4038 negotium
1060 3955 1079 4017 h
1091 3975 1131 4018 oc
1145 3955 1224 4018 med
1234 3957 1286 4018 ia-

85 4063 1286 4148 tionisassumereetordiuareproperentqvantotinsutnos

86 4169 1287 4258 apudhloscoritasperhoccreditumetohservantiamohti-

88 4300 242 4346 neamus
259 4279 446 4350 etfidem,
472 4300 516 4343 ne
533 4299 647 4343 casus
664 4279 726 4343 hic
748 4279 929 4361 Kydriensis
950 4277 1285 4360 Palatinipessimus

88 4396 300 4453 extremam
325 4386 435 4450 nohis
453 4407 522 4469 per
539 4386 787 4450 Moscovitas
811 4387 964 4449 adferat
987 4384 1153 4455 ruinam,
1170 4385 1283 4447 facta

88 4516 183 4560 uero
208 4494 464 4576 colligatione
494 4495 600 4556 inter
636 4491 1009 4556 christianissimam
1034 4493 1072 4553 et
1103 4488 1284 4553 Csaream

90 4603 333 4685 llajestatem
365 4621 501 4666 omnes
533 4597 1120 4684 adipiscivalcamusfelicitatem.
