3066 5078
284 437 361 508 342

275 609 444 674 Domioatio
476 609 585 674 Vestra
617 609 705 674 unice
737 609 795 674 hoc
826 609 940 681 addito,
971 608 1060 692 qvod,
1077 609 1249 691 inqvantum
1272 603 1506 686 reassumptio

279 737 448 782 coronae
490 717 672 801 poloniae
713 737 779 801 per
815 716 1022 798 Augustum
1055 698 1284 779 'mutaverit
1340 717 1505 777 statum

277 823 424 887 variari
448 824 638 888 deberent
662 845 697 887 ea
715 843 789 909 qvae
810 823 1001 907 poloniam
1021 823 1282 906 respicerent.
1303 819 1381 885 Sed
1404 823 1442 882 et
1461 817 1502 882 ad

280 931 358 994 hanc
381 932 536 994 materiam
558 931 708 996 inventum
739 936 786 996 est
810 929 973 1013 expediens
999 932 1144 1013 optimum
1168 930 1312 994 domini
1346 926 1504 990 Desal-

278 1038 384 1102 leurs
408 1042 439 1101 et
455 1043 556 1102 notum
573 1044 604 1102 ot
619 1037 753 1121 placens.
770 1039 894 1122 Reliqua
909 1037 991 1120 juxta
1008 1038 1182 1120 preteritum
1198 1042 1321 1100 manent
1338 1055 1386 1098 ex
1405 1037 1504 1115 parte

279 1147 573 1210 moscovitarum
602 1147 633 1209 in
660 1151 740 1210 statu
761 1165 831 1230 quo,
858 1151 929 1210 tam
957 1163 1052 1228 pace
1079 1163 1160 1208 cum
1192 1163 1311 1210 sveco
1348 1161 1502 1207 sucee-

279 1253 396 1316 dente
420 1273 527 1337 quam
552 1257 588 1316 et
612 1273 680 1316 non
704 1254 957 1318 succedente.
1040 1302 1044 1309 .

372 1360 448 1424 Hinc
480 1379 641 1424 necessum
679 1363 754 1433 erit,
787 1367 819 1424 ut
856 1361 924 1424 dum
959 1360 1068 1425 Vestra
1108 1359 1277 1422 Dominatio
1308 1357 1500 1422 reditum

280 1487 387 1531 suum
420 1474 459 1531 et
490 1486 642 1532 causam
673 1469 755 1532 eius
786 1487 852 1532 suo
884 1467 990 1530 modo
1022 1467 1148 1530 induta
1173 1465 1359 1538 insinuabit,
1400 1465 1499 1529 simul

281 1577 340 1639 hoc
357 1574 525 1640 notiiticare
542 1597 600 1640 nou
617 1576 744 1648 omittat,
773 1575 852 1659 qvod
864 1573 927 1654 jam
943 1575 1020 1639 bona
1037 1577 1097 1638 sint
1111 1576 1194 1640 initia
1210 1575 1386 1638 infallibilis
1419 1593 1498 1636 suc-

282 1703 388 1746 cessus
429 1681 700 1763 colligationis
732 1667 1037 1754 moscoriticae,
1077 1683 1235 1746 dummodo
1270 1681 1496 1767 preliminaria

285 1795 316 1854 et
346 1810 402 1874 per
433 1810 622 1874 consequens
653 1790 890 1855 universalis
924 1811 993 1873 pax
1030 1811 1099 1853 nou
1126 1791 1410 1874 precipitetur
1446 1809 1491 1852 eo

283 1917 405 1982 usque
428 1897 473 1960 ad
494 1897 682 1962 minimum
700 1919 816 1982 usque
845 1899 928 1961 dum
951 1900 1019 1962 hac
1036 1897 1080 1962 de
1107 1919 1180 1962 rea
1204 1898 1357 1960 domino
1387 1899 1490 1960 Des-

286 1994 604 2088 alleurs'primas
626 2007 870 2089 sumpserint
894 2006 1131 2070 informationes.

373 2111 412 2174 ut
427 2112 559 2196 qvamvis
576 2113 719 2176 Dominus
735 2112 821 2178 Lem
831 2133 870 2176 er
885 2114 916 2175 in
931 2113 988 2177 hac
1004 2114 1130 2176 materia
1146 2133 1262 2198 qnoque
1278 2133 1412 2194 magnas
1436 2113 1491 2176 ha-

280 2221 334 2285 tet
360 2219 610 2304 particularitates
638 2219 921 2304 repraesentandae,
944 2221 970 2282 si
996 2225 1096 2284 tamen
1112 2222 1181 2304 ipse
1203 2220 1427 2305 quodammodo
1457 2219 1489 2280 in

279 2329 389 2392 itinere
418 2326 539 2408 longius
570 2327 766 2399 detineretur,
798 2347 957 2392 necessum
991 2331 1091 2398 esset,
1111 2335 1144 2391 ut
1168 2349 1236 2410 per
1254 2332 1489 2410 presentem

281 2455 479 2500 cursorem
496 2433 638 2498 Dominus
655 2435 883 2498 Desalleurs
900 2434 1115 2498 certioraretur
1131 2436 1167 2498 ab
1185 2433 1256 2498 Aula
1281 2434 1384 2498 Suae
1413 2429 1485 2496 Mffl.

281 2543 469 2629 quantotius,
501 2547 533 2604 ut
560 2541 586 2604 is
610 2540 763 2604 Csarum
796 2559 1031 2604 assecurare
1062 2543 1190 2624 possit
1213 2542 1257 2604 de
1281 2562 1354 2604 non
1389 2541 1486 2604 fini·

282 2651 379 2714 endo
403 2650 520 2733 pacis
547 2654 718 2713 tractatu
745 2651 967 2732 priusquam
996 2650 1039 2713 de
1067 2651 1243 2733 prescita
1269 2669 1367 2732 pace
1398 2667 1485 2734 sre-

282 2760 363 2823 cica
394 2762 457 2820 aut
495 2757 759 2838 colligatione
791 2757 988 2821 ostensiva
1028 2762 1164 2820 contra
1194 2758 1479 2840 imperatorem

284 2866 383 2929 Suae
411 2864 542 2928 Csareae
556 2864 722 2946 Maiestatis
750 2864 841 2947 quid
869 2865 970 2928 certi
997 2863 1199 2930 habeatur.
1229 2865 1398 2949 Possetque
1423 2863 1482 2924 hoc

283 2992 350 3036 oum
366 2971 531 3055 prefixionc
547 2972 667 3034 termini
684 2971 750 3034 fieri
767 2976 798 3034 et
817 2955 1026 3050 designatione
1043 2973 1118 3034 certi
1134 2975 1279 3056 temporis
1295 2971 1333 3034 ad
1349 2970 1431 3054 qvod
1448 2988 1481 3031 se

284 3080 377 3143 Csar
404 3079 610 3143 resolvere
631 3078 802 3142 deberet.
831 3077 976 3144 Videmus
1008 3080 1087 3142 enirn
1115 3082 1150 3142 in
1177 3079 1300 3143 Osaro
1329 3079 1404 3142 nihil
1427 3077 1480 3140 de·

282 3210 361 3262 esse,
383 3188 433 3272 qvi
455 3209 524 3252 suas
550 3188 580 3250 in
603 3187 752 3251 uostris
783 3187 946 3251 viciniis
979 3188 1112 3271 copias
1138 3187 1268 3260 habet,
1301 3192 1332 3250 et
1355 3208 1393 3250 ex
1424 3187 1478 3248 hac

284 3297 348 3360 sola
379 3296 514 3366 ratione,
553 3295 630 3380 qvod
668 3315 704 3358 ex
747 3296 907 3358 occasione
939 3300 1068 3359 nostra
1107 3300 1242 3378 sperat
1281 3315 1322 3358 se
1362 3311 1477 3378 posse

283 3403 430 3466 hahere
461 3401 758 3482 colligationem
782 3422 860 3466 oum
891 3421 984 3483 rege
1016 3401 1169 3466 Galliae
1201 3401 1365 3466 nonmodo
1394 3401 1476 3464 ami·

286 3509 443 3572 cissime
470 3509 670 3572 nobiscum
701 3509 833 3572 vivere
869 3507 994 3580 iubet,
1023 3509 1089 3572 sed
1117 3512 1372 3573 caesareauis
1395 3512 1477 3572 actu

286 3617 594 3686 contrariisunt,
621 3615 659 3678 in
686 3617 824 3700 quihus
849 3619 1029 3699 possunt,
1057 3617 1158 3698 prouti
1173 3619 1306 3700 proxime
1334 3637 1376 3679 ex
1405 3621 1475 3680 tre·

287 3724 409 3787 decim
439 3722 599 3806 oppidis
626 3721 974 3806 scepusiensibus,
1019 3724 1153 3806 quamvis
1186 3724 1377 3806 Princeps
1410 3724 1474 3786 nu·

285 3830 525 3894 bomerskius
569 3830 778 3894 eorundem
819 3829 881 3892 Xlll
921 3830 1149 3913 oppidorum
1189 3832 1359 3895 dominus
1399 3849 1474 3913 par-

285 3943 345 4000 tes
370 3956 582 4000 caesareas
614 3941 866 4021 acceptasset
899 3941 937 4000 et
968 3942 1107 4001 contra
1139 3957 1204 4001 nos
1229 3940 1369 4020 copias
1394 3954 1473 4001 suas

288 4043 453 4108 Caesari
491 4044 750 4116 tradidisset,
791 4049 916 4126 accepto
959 4048 1159 4128 pretextu,
1203 4043 1249 4107 ad
1286 4043 1473 4127 poloniam

287 4153 494 4234 pertinere
533 4151 673 4234 oppida
711 4149 797 4222 illa,
838 4171 967 4215 omnes
1006 4171 1276 4214 caesareanos
1315 4170 1360 4215 ex
1396 4149 1472 4213 illis

287 4259 440 4342 oppidis
472 4259 716 4340 expulerunt
747 4259 999 4330 moscovitae,
1032 4263 1210 4320 armatam
1259 4258 1471 4322 offerentes

286 4385 443 4436 manum,
480 4367 556 4428 uisi
588 4365 892 4436 exirerellent,
924 4365 1136 4428 Polonicas
1168 4385 1259 4429 vero
1287 4365 1472 4436 cohortes,
1512 4371 1517 4378 '

288 4490 380 4553 quas
409 4474 541 4534 co·utra
565 4491 630 4534 uos
659 4472 900 4535 conduxerat
928 4471 1253 4544 huhomerskius‚
1294 4469 1471 4556 aggressi

287 4581 375 4640 sunt
405 4583 441 4640 et
482 4598 609 4642 omnes
641 4584 776 4642 exutos
809 4578 1003 4652 vestibus,
1037 4581 1153 4644 armis
1189 4580 1468 4664 equisquespo-
