3032 5084
264 381 341 454 314

263 555 324 622 boo
347 555 494 622 inclinare
516 557 664 631 veluerit.
696 562 729 622 ut
751 558 829 623 bane
848 558 1072 642 Rempublieam
1089 557 1214 624 liberam
1230 561 1436 624 existentem
1458 559 1500 622 in

262 669 328 732 eius
355 667 507 732 voluntate
534 663 693 749 liberique
721 665 869 732 electione
895 667 1077 752 reliquerit.
1105 688 1163 732 non
1191 666 1412 749 ingrediendo
1455 669 1495 732 in

261 777 341 842 illam
370 795 438 840 oum
467 776 625 848 exercitu,
654 774 692 838 ad
721 776 799 859 qvod
824 775 937 840 Osarea
967 775 1111 858 Maiestas
1141 796 1292 860 propensa
1315 782 1404 850 est,
1453 781 1496 842 ut

263 882 942 969 11111111111111111111111111111111
961 883 1162 970 relinquatur,
1188 889 1221 948 ut
1243 905 1280 948 ex
1301 883 1493 950 voluntate

263 1015 317 1058 sua
349 995 428 1058 inter
455 1013 490 1056 se
521 994 551 1054 in
576 993 755 1058 electionem
785 992 878 1074 Regis
905 994 1079 1064 conveniat,
1123 1013 1210 1078 vem
1240 993 1349 1058 liberis
1387 996 1492 1060 votis

262 1101 420 1167 voluerint.
464 1099 550 1164 Unde
589 1101 680 1165 sieuti
718 1100 824 1164 vicinis
856 1100 1049 1185 Principibus
1077 1100 1119 1164 ita
1150 1106 1182 1164 et
1204 1101 1284 1166 Suae
1322 1099 1492 1166 Osareae

263 1208 415 1292 Maiestati
432 1213 548 1273 eertum
563 1208 795 1274 emolumentum
811 1212 931 1274 causari
946 1212 1047 1295 queat.

356 1319 408 1396 3¹?
441 1317 591 1382 Praesens
612 1321 754 1401 punctum
784 1314 803 1381 1
830 1317 920 1384 Parte
945 1319 1025 1382 Suae
1053 1315 1186 1382 (isareae
1209 1316 1385 1398 Maiestatis
1416 1339 1489 1403 pro

262 1426 454 1491 fundamento
470 1427 563 1492 totuis
578 1425 732 1490 inseritur.

353 1535 391 1600 Ut
406 1535 513 1600 fluvius
537 1533 631 1598 Newa
655 1532 692 1598 ab
710 1534 828 1616 origine
849 1553 902 1598 sua
917 1553 1013 1619 usque
1025 1532 1064 1597 ad
1076 1533 1208 1612 ultimum
1225 1534 1254 1598 in
1270 1553 1360 1598 mare
1378 1555 1489 1600 suum

262 1645 402 1708 influxum
431 1641 499 1731 (qvi
526 1643 628 1708 finitur
654 1642 732 1726 apud
759 1641 887 1708 insulam
903 1642 1027 1714 Kotlin,
1058 1639 1188 1704 Sveeiee
1203 1641 1376 1727 Retusary)
1414 1643 1486 1708 sub

262 1757 415 1837 potestate
431 1751 511 1816 Suae
539 1751 671 1816 Osarene
699 1750 868 1832 Maiestatis
893 1751 925 1814 in
950 1754 1106 1814 aeternum
1128 1755 1267 1822 maneat,
1303 1747 1369 1814 und
1399 1772 1486 1816 eum

262 1861 348 1925 bonis
368 1862 513 1925 limitibus
533 1861 690 1944 utuiusqve
711 1857 850 1932 litteris,
883 1864 973 1944 atque
996 1858 1175 1943 quibusdam
1200 1859 1484 1933 circumstantiis;

261 1971 369 2056 quodsi
394 1974 584 2053 acceptatum
600 1969 707 2038 luerit;
738 1974 802 2032 tum
819 1973 959 2034 caeterae
985 1967 1176 2032 conditiones
1192 1987 1246 2050 per
1262 1965 1485 2050 plenipoten-

262 2079 368 2143 tiarios
384 2079 541 2162 utriusque
558 2077 752 2142 determinari
767 2082 904 2160 possunt.

356 2186 510 2271 Qualeque
532 2185 765 2250 emolumenturn
787 2205 824 2248 ex
839 2185 897 2250 bae
912 2184 1161 2250 reeoneiliatione
1177 2183 1290 2265 Regiae
1306 2183 1490 2265 Maiestati

264 2294 446 2367 Galliarum,
476 2297 502 2358 si
525 2297 601 2358 baeu
621 2315 677 2378 per
701 2293 837 2358 eiusdem
858 2295 1068 2358 mediationem
1098 2294 1178 2356 inter
1201 2291 1291 2355 Suam
1316 2290 1488 2358 Csaream

261 2403 472 2484 Maiestatem,
504 2423 540 2466 ee
570 2403 696 2485 Regiam
716 2402 906 2483 Maiestatem
928 2401 1056 2466 Sveeiae
1079 2401 1203 2466 evenire
1225 2401 1362 2483 poterit,
1404 2407 1483 2466 tum

263 2513 320 2574 iam
341 2511 408 2576 viva
430 2530 504 2576 voee
526 2511 563 2576 ad
585 2510 737 2594 praelatos
768 2513 896 2576 emissos
929 2509 1115 2574 declaratum
1141 2513 1215 2581 est;
1250 2508 1277 2572 si
1302 2509 1488 2576 deveniret

264 2620 300 2684 ad
318 2624 463 2685 tractatus
479 2640 535 2703 per
552 2619 727 2704 deputatum
744 2618 782 2682 ad
797 2618 856 2682 boo
872 2619 1058 2691 ministrum,
1083 2624 1146 2682 tum
1161 2617 1298 2702 pluribus
1314 2617 1487 2702 explicari

262 2733 377 2812 potest,
407 2731 493 2813 atqve
521 2729 559 2791 de
584 2728 715 2790 caeteris
743 2727 965 2792 conditionibus
990 2745 1058 2790 oum
1085 2727 1250 2790 Sveeorum
1274 2724 1405 2790 Corona
1439 2727 1484 2792 ad

263 2837 422 2900 ineundam
438 2856 544 2920 paoem
561 2840 703 2900 tractare.

839 2925 890 2988 17.

526 3042 746 3122 Sobreiben
768 3041 975 3127 dedezy’s
997 3063 1041 3106 an
1062 3041 1191 3106 Vetes.

683 3164 713 3224 o.
737 3161 890 3244 Mareye
914 3159 1056 3246 17081).

353 3278 395 3341 lll.r
412 3278 449 3341 de
466 3276 583 3341 Vettes.
608 3276 723 3363 Depuis
736 3282 839 3341 vostre
852 3277 959 3361 depart
971 3275 991 3340 i'
1001 3278 1028 3340 11
1044 3297 1119 3341 reou
1134 3278 1212 3340 trois
1229 3277 1268 3340 de
1284 3296 1340 3340 vos
1357 3278 1478 3344 lettres

264 3408 337 3452 aveo
354 3388 381 3450 la
399 3386 539 3450 derniere
556 3387 595 3450 du
613 3389 642 3449 3.
659 3388 784 3451 ianvier.
814 3387 851 3451 Je
868 3407 906 3450 ne
922 3406 997 3450 vous
1015 3386 1043 3448 11
1061 3385 1158 3450 donne
1176 3406 1311 3450 auounne
1327 3406 1476 3470 repense

263 3518 315 3560 sur
330 3497 374 3560 les
391 3496 607 3579 precedentes,
624 3498 752 3580 puisque
767 3497 898 3559 n'estant
912 3516 968 3580 pas
985 3516 1056 3559 seur
1074 3496 1112 3559 de
1128 3500 1230 3560 vostre
1246 3497 1357 3566 arr-ivd.
1379 3497 1414 3560 ie
1432 3518 1474 3562 ne

237 3589 240 3599 ¹
264 3606 353 3669 vould
368 3626 422 3690 pas
439 3604 606 3667 hazzarder
623 3625 687 3666 mes
703 3605 818 3666 lettres.
853 3605 898 3667 Au
922 3607 1006 3666 reste
1028 3604 1049 3666 il
1065 3603 1129 3666 m'a
1153 3609 1218 3666 este
1234 3607 1297 3666 tres
1314 3606 1472 3685 agreable

264 3712 466 3797 d’apprendre
488 3733 547 3796 que
568 3732 643 3775 vous
665 3733 735 3777 aves
761 3717 828 3776 este
851 3719 915 3776 tres
940 3712 1010 3776 bien
1026 3733 1099 3776 reou
1115 3713 1153 3776 de
1170 3711 1211 3774 llll
1226 3710 1414 3776 L'Eleeteur
1431 3715 1473 3778 de

268 3822 420 3892 Bavierre‚
438 3826 467 3883 et
482 3821 511 3884 ie
523 3841 560 3884 ne
572 3821 644 3884 dout
658 3842 712 3905 pas
729 3834 873 3904 quereus
890 3842 928 3884 ne
941 3821 1034 3884 fairsz
1048 3825 1112 3884 tout
1123 3825 1225 3884 vostre
1237 3819 1376 3905 possible
1388 3843 1475 3904 pour

266 3950 396 3994 aveneer
411 3928 439 3991 la
455 3930 649 4010 negotiation,
666 3950 725 4014 que
741 3931 771 3992 ie
788 3949 862 3993 reus
880 3932 909 3992 ai
926 3931 1068 3992 eommise
1085 3933 1115 3991 et
1132 3929 1214 3992 dela
1230 3927 1330 4012 quelle
1348 3929 1473 4014 depen-

266 4038 338 4101 dent
353 4035 399 4100 les
416 4036 537 4099 affaires
551 4035 589 4098 de
607 4056 643 4099 oe
655 4037 721 4120 pais
734 4039 771 4108 oi,
786 4037 916 4120 puisque
929 4057 1000 4100 sans
1013 4041 1096 4100 estre
1107 4036 1179 4100 bien
1190 4057 1262 4100 seur
1278 4035 1316 4098 de
1329 4035 1359 4100 11
1376 4059 1471 4105 reso-

264 4145 361 4210 lution
376 4144 415 4207 de
432 4143 473 4206 M?
489 4141 681 4216 L'llleeteur,
706 4142 726 4207 i'
739 4145 767 4206 ai
783 4165 831 4207 me
846 4145 912 4207 vois
931 4145 1029 4207 mieux
1046 4145 1159 4208 choisir
1175 4145 1203 4206 la
1220 4143 1412 4224 negotiatien
1430 4149 1470 4212 de

266 4253 295 4315 la
311 4252 381 4336 paix
396 4252 446 4335 qui
464 4270 538 4313 nous
561 4255 609 4312 est
625 4251 742 4315 offerte.
777 4250 857 4314 Vous
873 4272 988 4334 pouven
1005 4252 1176 4335 dependent
1191 4257 1273 4316 estre
1290 4229 1380 4326 seur,
1407 4275 1468 4339 que

268 4360 384 4442 malgre
396 4377 443 4429 oe,
456 4378 514 4442 que
529 4359 576 4423 les
589 4361 702 4423 enemis
715 4358 903 4443 publiquent,
917 4361 947 4422 ie
964 4353 1226 4444 n'entreprendrai
1240 4380 1338 4426 aueun
1351 4366 1467 4438 traitte,

292 4590 320 4661 ¹)
339 4593 392 4645 Das
411 4607 492 4661 ganne
511 4591 656 4643 Sebreiben
675 4591 711 4645 ist
729 4591 849 4646 ehidrirt.
