3086 5086
1208 438 1256 510 to

83 613 136 676 suis
157 616 259 677 contra
276 612 398 696 galliam
420 634 514 697 agere
534 615 649 698 possit:
674 619 705 678 et
727 614 848 680 tandem
872 614 923 678 ubi
945 613 983 678 ad
1005 614 1090 700 pacis
1112 617 1259 680 tractatus

82 720 222 786 deventum
241 721 350 796 fuerit;
371 723 599 805 reintegrentur
613 723 712 808 priora
736 723 774 788 de
796 721 961 796 electione,
982 723 1164 808 tandemque
1186 743 1258 808 per-

80 831 164 912 petuis
179 831 277 914 pactis
304 829 456 905 firmetur,
481 833 561 896 iuter
588 851 679 915 reges
695 832 877 915 ilungariae,
895 832 1025 896 Sueciao
1049 838 1079 896 et
1098 833 1259 896 Borussiao

81 945 130 1002 tam
154 937 236 1002 tirma
272 942 361 1013 unio;
391 961 468 1024 quae
504 961 558 1006 suo
597 947 748 1026 tempore,
777 942 887 1026 duglia
925 946 956 1006 ct
985 939 1141 1006 Hollaudia
1173 945 1259 1004 aucta

81 1048 173 1114 eradat
198 1049 230 1112 in
253 1048 404 1114 bilenoem
442 1051 598 1136 Europae,
630 1069 684 1116 seu
715 1051 968 1118 conservatricem
1003 1049 1151 1115 libertatis
1193 1049 1258 1132 ejus

80 1157 237 1241 potentiam.
269 1159 326 1224 Ast
358 1161 385 1224 si
422 1160 502 1226 torte
536 1161 727 1233 crederetur,
756 1179 862 1242 regem
902 1161 1074 1242 ilungariae
1108 1181 1126 1224 a
1158 1161 1258 1224 Turca

80 1264 232 1330 subsistere
268 1285 328 1330 non
360 1287 452 1352 posse
459 1289 468 1342 ;
497 1273 527 1331 et
560 1268 750 1333 metuendum
784 1270 850 1334 tore
884 1290 921 1334 ue
952 1269 1068 1333 turcico
1099 1269 1259 1352 ingruente

82 1374 163 1447 bello,
197 1377 375 1440 antemurali
410 1379 506 1442 lnoo'ce
540 1375 774 1443 Christianitatis
808 1360 973 1451 subverso,
1005 1376 1130 1463 reliquis
1166 1379 1256 1442 etiam

81 1483 253 1570 Principibus
290 1485 328 1550 ab
363 1486 401 1548 iis
441 1487 596 1550 imminere
632 1487 813 1571 periculum
858 1489 1072 1570 Argumentum
1112 1487 1170 1551 boc
1209 1485 1258 1554 vel

81 1613 110 1658 ex
128 1595 199 1678 ipsis
227 1594 399 1678 ilungariae
420 1595 577 1662 annalibus
606 1596 762 1670 cludetur,
790 1599 822 1662 io
849 1599 887 1662 iis
916 1618 997 1661 enum
1019 1595 1117 1661 videri
1140 1601 1260 1680 potest;

81 1721 212 1788 uunquam
228 1707 333 1770 turcas
355 1706 386 1770 in
415 1704 473 1770 boc
504 1725 600 1787 regno
631 1705 757 1771 stabiles
788 1693 890 1772 lacere
921 1693 1060 1790 potuisse
1093 1724 1260 1789 progessus

81 1811 214 1896 adusque
229 1817 368 1900 tempora
385 1813 531 1878 lobannis
548 1814 674 1898 Zapolii,
691 1815 793 1898 regis;
809 1817 861 1900 qui
876 1812 983 1879 liberis
1000 1815 1109 1878 uotisa
1126 1813 1261 1878 Statibus

82 1919 182 1987 electus
198 1921 237 1988 ab
263 1927 444 2007 usurpatore
459 1922 650 1988 Fordiuando
672 1923 785 2008 primo,
814 1923 941 1988 liberam
962 1922 1143 1988 electionem
1166 1944 1261 1996 suam,

81 2029 154 2094 aliter
175 2037 373 2099 manutenere
396 2051 453 2096 non
477 2031 586 2117 potuit,
617 2033 674 2096 uisi
699 2033 736 2096 ad
753 2033 972 2116 protectionem
987 2037 1138 2096 turcorum
1155 2033 1261 2097 conlu-

81 2139 188 2220 giondo‚
205 2142 288 2228 quod
305 2143 444 2226 profecto
461 2146 492 2206 et
508 2161 587 2206 nunc
603 2141 768 2206 uerendum
786 2146 849 2215 est;
867 2141 893 2204 si
905 2143 993 2224 regni
1010 2141 1099 2207 buius
1115 2161 1187 2206 cura
1203 2162 1262 2206 non

81 2245 241 2324 debebitur;
266 2271 325 2315 nec
347 2250 440 2332 igitur
455 2250 573 2316 illorum
589 2267 771 2333 progressus
787 2247 935 2314 debilitati
951 2249 1159 2334 ilungarorum
1176 2251 1262 2314 attri-
1380 2233 1384 2241 ⁵

83 2355 205 2425 bueudus
222 2365 283 2432 est,
301 2359 356 2423 sed
373 2357 531 2432 scissioni,
554 2379 630 2442 quae
653 2377 732 2422 nunc
753 2358 912 2426 metuenda
929 2377 988 2422 uon
1005 2365 1062 2422 est.
1088 2357 1126 2422 ut
1140 2359 1262 2422 aliunde

82 2467 167 2540 odam,
186 2468 249 2550 jam
267 2487 382 2534 summe
397 2467 550 2532 enervatis
566 2467 677 2538 turcis,
700 2487 877 2532 assecurare
894 2485 1032 2552 possum,
1049 2487 1103 2532 eos
1120 2467 1208 2532 facile
1225 2469 1262 2532 ad

83 2581 246 2659 perpetuam
263 2597 370 2662 pacem
386 2576 662 2649 condescensurou3
685 2577 725 2643 itu
746 2581 779 2641 ut
802 2597 860 2640 nou
885 2576 945 2640 nisi
960 2575 1098 2640 voluntas
1115 2573 1164 2640 8⁰¹¹
1179 2577 1263 2659 regis

83 2681 242 2758 borussiae,
261 2689 293 2748 et
309 2683 475 2751 alliatarom
491 2683 619 2766 Augilae
635 2687 666 2746 et
681 2681 858 2748 llollandioe
874 2686 1072 2767 potentiarum
1084 2685 1263 2771 requiritur;

83 2791 114 2854 ad
127 2792 233 2874 iugens
252 2793 321 2864 boc,
346 2792 479 2876 Deoquc
493 2795 611 2874 gratum
627 2812 704 2876 opus
721 2791 954 2877 perlieiendum,
980 2797 1011 2856 et
1033 2794 1212 2858 seruandam
1224 2796 1264 2880 ,in

85 2897 259 2984 bucregno,
282 2887 463 2982 religionum
486 2900 717 2983 protestantium
740 2901 844 2966 basim.
877 2900 963 2982 Quod
989 2904 1016 2966 si
1044 2905 1159 2976 tamem
1184 2903 1264 2989 quod

84 3009 166 3072 minus
188 3031 319 3094 sperare
345 3029 478 3094 possum,
507 3008 582 3072 baec
611 3009 708 3074 miuus
737 3010 948 3074 convenientia
974 3029 1045 3074 esee
1072 3011 1265 3085 viderentur;

85 3123 176 3199 agatur
196 3119 379 3204 simpliciter
402 3118 440 3182 de
460 3137 540 3201 paee
559 3117 665 3186 lubens
688 3119 865 3192 subscribo;
889 3119 1077 3184 conditiones
1101 3125 1202 3186 tamen
1216 3124 1266 3187 rix

86 3225 151 3292 aliae
170 3229 335 3306 transmitti
362 3231 507 3310 possunt,
534 3229 561 3290 si
582 3228 702 3311 quidem
726 3248 781 3292 nec
805 3228 942 3300 unicam,
967 3229 1031 3293 scio
1055 3249 1131 3314 quae
1145 3231 1266 3313 legibus

87 3338 160 3418 regni
175 3337 284 3402 fulcita
300 3356 358 3400 non
370 3340 438 3407 'ent;
455 3335 651 3420 Appromittit
665 3336 786 3420 quidem
803 3336 985 3422 imperator,
1012 3359 1065 3402 eas
1089 3338 1216 3403 indicta
1232 3357 1267 3402 so

88 3444 212 3509 stabilire
237 3444 335 3520 velle;
368 3443 423 3508 sed
446 3445 473 3508 si
495 3445 615 3530 quidem
637 3446 721 3527 genti
742 3447 925 3530 experientia
950 3450 1084 3520 constat,
1108 3445 1184 3509 haec
1208 3467 1267 3512 non

88 3551 205 3628 differri,
222 3555 282 3618 nisi
299 3559 331 3618 ut
346 3553 468 3618 effectui
484 3574 543 3617 non
560 3539 746 3618 mandentur.
772 3553 964 3619 securitatem
981 3553 1057 3626 sibi,
1080 3575 1136 3639 per
1152 3557 1266 3619 torma·
1345 3581 1347 3584 ·

88 3659 136 3727 leon
149 3683 253 3729 eorum
267 3668 396 3728 tractatu
411 3663 560 3728 mediante
577 3662 800 3748 stipulationem
816 3666 919 3728 iacere
935 3663 1073 3737 intendit,
1090 3669 1161 3728 sunt
1175 3683 1267 3750 quae-

89 3772 250 3840 damtamen
258 3794 335 3860 quae
343 3774 380 3838 ad
388 3774 497 3838 dietam
505 3774 670 3847 transmitti
686 3778 844 3857 poterunt;
854 3773 1011 3838 dummodo
1020 3775 1172 3857 negotium
1179 3774 1268 3837 Prin-

90 3881 191 3966 oipatus
200 3882 441 3968 Trausyluaniae
455 3882 643 3954 maderolum
671 3884 738 3948 sine
755 3903 823 3967 quo,
833 3903 932 3968 neque
943 3887 1157 3968 protestantes,
1170 3903 1267 3968 neque

91 4009 216 4074 reguum,
233 3991 294 4058 sibi
311 3991 504 4058 securitatem
521 3994 739 4076 appromittere
757 3991 873 4064 valent,
890 4012 947 4057 uec
970 4003 1084 4058 utrem
1101 4013 1195 4057 meam
1212 3991 1269 4056 sed

91 4104 117 4164 ut
129 4104 277 4187 propriam
293 4109 397 4186 aguet.
421 4103 487 4185 Age
503 4101 596 4184 igitur
611 4103 657 4166 vir
673 4100 873 4186 amplissime,
896 4102 1081 4185 provinciam
1097 4100 1269 4166 dexteritati

91 4213 150 4274 turae
164 4188 371 4284 commissam
389 4214 419 4274 et
434 4209 506 4299 fidei
522 4211 751 4294 sinceritatique
767 4217 836 4276 tuae
853 4211 1009 4280 creditam.
1022 4214 1110 4294 prout
1122 4207 1179 4273 tibi
1190 4210 1268 4274 haec

93 4319 282 4401 perlustranti,
299 4325 330 4384 ot
347 4318 385 4384 ob
403 4302 507 4384 oculos
521 4319 645 4406 heberti
661 4321 814 4386 ridebitur
830 4319 1101 4386 commodissimum
1110 4341 1119 4392 ;
1137 4323 1168 4382 et
1183 4322 1271 4382 utere

93 4431 247 4507 murone,
263 4432 295 4495 iu
311 4429 524 4516 exuperatione
539 4430 584 4494 rei
601 4430 750 4496 communi
761 4430 841 4496 bono
856 4451 945 4517 quam
961 4428 1269 4514 appropriatissimae,

94 4539 211 4606 tacturus
225 4563 303 4627 opus
319 4561 378 4608 non
394 4544 508 4604 tantum
524 4541 589 4604 Deo
605 4543 739 4620 gratum
762 4539 819 4606 sed
843 4545 874 4604 et
895 4537 952 4604 tibi
976 4537 1162 4624 persuadeas
1179 4536 1268 4603 velim

95 4651 121 4712 te
134 4649 337 4735 obligatumm,
353 4649 391 4716 ad
407 4651 505 4714 onmia
520 4648 576 4714 tibi
591 4653 677 4734 grata
693 4647 866 4734 praecanda
884 4667 952 4714 eum
968 4653 1027 4712 etc.

1014 4755 1053 4808 2*
