<?xml version="1.0" encoding="UTF-8"?>
<!DOCTYPE html PUBLIC "-//W3C//DTD XHTML 1.0 Transitional//EN"
    "http://www.w3.org/TR/xhtml1/DTD/xhtml1-transitional.dtd">
<html xmlns="http://www.w3.org/1999/xhtml" xml:lang="en" lang="en">
 <head>
  <title>
</title>
<meta http-equiv="Content-Type" content="text/html;charset=utf-8" />
  <meta name='ocr-system' content='tesseract 3.04.00' />
  <meta name='ocr-capabilities' content='ocr_page ocr_carea ocr_par ocr_line ocrx_word'/>
</head>
<body>
  <div class='ocr_page' id='page_1' title='image "./fontesrerumaust06kommgoog_0350.png"; bbox 0 0 3032 5084; ppageno 0'>
   <div class='ocr_carea' id='block_1_1' title="bbox 1208 369 1280 439">
    <p class='ocr_par' dir='ltr' id='par_1_1' title="bbox 1208 369 1280 439">
     <span class='ocr_line' id='line_1_1' title="bbox 1208 369 1280 439; baseline -0.014 0"><span class='ocrx_word' id='word_1_1' title='bbox 1208 369 1280 439; x_wconf 82' lang='lat' dir='ltr'><strong>alr</strong></span> 
     </span>
    </p>
   </div>
   <div class='ocr_carea' id='block_1_2' title="bbox 11 537 1350 3883">
    <p class='ocr_par' dir='ltr' id='par_1_2' title="bbox 78 537 1287 1601">
     <span class='ocr_line' id='line_1_2' title="bbox 175 537 1286 628; baseline 0.005 -26"><span class='ocrx_word' id='word_1_2' title='bbox 175 537 434 605; x_wconf 79' lang='lat' dir='ltr'><strong>Undecimum.</strong></span> <span class='ocrx_word' id='word_1_3' title='bbox 466 542 514 606; x_wconf 81' lang='lat' dir='ltr'><strong>Ac</strong></span> <span class='ocrx_word' id='word_1_4' title='bbox 545 543 702 606; x_wconf 91' lang='lat' dir='ltr'><strong>tandem</strong></span> <span class='ocrx_word' id='word_1_5' title='bbox 733 543 796 606; x_wconf 92' lang='lat' dir='ltr'><strong>ubi</strong></span> <span class='ocrx_word' id='word_1_6' title='bbox 821 542 972 606; x_wconf 83' lang='lat' dir='ltr'><strong>Svecus</strong></span> <span class='ocrx_word' id='word_1_7' title='bbox 1004 561 1129 627; x_wconf 86' lang='lat' dir='ltr'><strong>neque</strong></span> <span class='ocrx_word' id='word_1_8' title='bbox 1156 563 1286 628; x_wconf 84' lang='lat' dir='ltr'><strong>pacem</strong></span> 
     </span>
     <span class='ocr_line' id='line_1_3' title="bbox 78 645 1286 732; baseline 0.005 -20"><span class='ocrx_word' id='word_1_9' title='bbox 78 669 164 712; x_wconf 89' lang='lat' dir='ltr'><strong>eum</strong></span> <span class='ocrx_word' id='word_1_10' title='bbox 196 645 342 714; x_wconf 74' lang='lat' dir='ltr'><strong>(inarea</strong></span> <span class='ocrx_word' id='word_1_11' title='bbox 374 648 581 732; x_wconf 86' lang='lat' dir='ltr'><strong>Majestate</strong></span> <span class='ocrx_word' id='word_1_12' title='bbox 618 649 764 714; x_wconf 83' lang='lat' dir='ltr'><strong>lecerit</strong></span> <span class='ocrx_word' id='word_1_13' title='bbox 791 669 860 713; x_wconf 88' lang='lat' dir='ltr'><strong>nec</strong></span> <span class='ocrx_word' id='word_1_14' title='bbox 891 649 1031 714; x_wconf 90' lang='lat' dir='ltr'><strong>bellum</strong></span> <span class='ocrx_word' id='word_1_15' title='bbox 1056 653 1092 715; x_wconf 92' lang='lat' dir='ltr'><strong>in</strong></span> <span class='ocrx_word' id='word_1_16' title='bbox 1124 650 1286 718; x_wconf 88' lang='lat' dir='ltr'><strong>Polonia</strong></span> 
     </span>
     <span class='ocr_line' id='line_1_4' title="bbox 79 758 1285 846; baseline 0.005 -26"><span class='ocrx_word' id='word_1_17' title='bbox 79 758 286 838; x_wconf 86' lang='lat' dir='ltr'><strong>integrum</strong></span> <span class='ocrx_word' id='word_1_18' title='bbox 301 759 510 823; x_wconf 87' lang='lat' dir='ltr'><strong>reduxerit</strong></span> <span class='ocrx_word' id='word_1_19' title='bbox 530 758 596 822; x_wconf 88' lang='lat' dir='ltr'><strong>sed</strong></span> <span class='ocrx_word' id='word_1_20' title='bbox 618 759 655 822; x_wconf 94' lang='lat' dir='ltr'><strong>in</strong></span> <span class='ocrx_word' id='word_1_21' title='bbox 671 759 835 842; x_wconf 88' lang='lat' dir='ltr'><strong>imperio</strong></span> <span class='ocrx_word' id='word_1_22' title='bbox 852 758 1076 824; x_wconf 90' lang='lat' dir='ltr'><strong>distractus</strong></span> <span class='ocrx_word' id='word_1_23' title='bbox 1094 763 1285 846; x_wconf 77' lang='lat' dir='ltr'><strong>negotiisque</strong></span> 
     </span>
     <span class='ocr_line' id='line_1_5' title="bbox 81 864 1286 952; baseline 0.004 -24"><span class='ocrx_word' id='word_1_24' title='bbox 81 864 369 948; x_wconf 79' lang='lat' dir='ltr'><strong>imperialibus</strong></span> <span class='ocrx_word' id='word_1_25' title='bbox 402 885 441 930; x_wconf 88' lang='lat' dir='ltr'><strong>se</strong></span> <span class='ocrx_word' id='word_1_26' title='bbox 465 867 611 932; x_wconf 90' lang='lat' dir='ltr'><strong>omnino</strong></span> <span class='ocrx_word' id='word_1_27' title='bbox 639 866 876 952; x_wconf 88' lang='lat' dir='ltr'><strong>implicaret,</strong></span> <span class='ocrx_word' id='word_1_28' title='bbox 906 887 948 930; x_wconf 85' lang='lat' dir='ltr'><strong>ex</strong></span> <span class='ocrx_word' id='word_1_29' title='bbox 976 871 1065 931; x_wconf 93' lang='lat' dir='ltr'><strong>tunc</strong></span> <span class='ocrx_word' id='word_1_30' title='bbox 1088 868 1127 931; x_wconf 89' lang='lat' dir='ltr'><strong>de</strong></span> <span class='ocrx_word' id='word_1_31' title='bbox 1148 868 1286 934; x_wconf 87' lang='lat' dir='ltr'><strong>ulteriori</strong></span> 
     </span>
     <span class='ocr_line' id='line_1_6' title="bbox 80 973 1286 1060; baseline 0.005 -24"><span class='ocrx_word' id='word_1_32' title='bbox 80 973 176 1036; x_wconf 87' lang='lat' dir='ltr'><strong>mode</strong></span> <span class='ocrx_word' id='word_1_33' title='bbox 200 977 262 1036; x_wconf 87' lang='lat' dir='ltr'><strong>tarn</strong></span> <span class='ocrx_word' id='word_1_34' title='bbox 282 994 339 1056; x_wconf 91' lang='lat' dir='ltr'><strong>per</strong></span> <span class='ocrx_word' id='word_1_35' title='bbox 365 974 657 1058; x_wconf 85' lang='lat' dir='ltr'><strong>colligationem</strong></span> <span class='ocrx_word' id='word_1_36' title='bbox 684 976 943 1042; x_wconf 76' lang='lat' dir='ltr'><strong>extrinsecam</strong></span> <span class='ocrx_word' id='word_1_37' title='bbox 968 980 1005 1039; x_wconf 89' lang='lat' dir='ltr'><strong>et</strong></span> <span class='ocrx_word' id='word_1_38' title='bbox 1028 976 1286 1060; x_wconf 80' lang='lat' dir='ltr'><strong>intrinsecam</strong></span> 
     </span>
     <span class='ocr_line' id='line_1_7' title="bbox 82 1083 1287 1166; baseline 0.003 -20"><span class='ocrx_word' id='word_1_39' title='bbox 82 1101 199 1166; x_wconf 82' lang='lat' dir='ltr'><strong>quarn</strong></span> <span class='ocrx_word' id='word_1_40' title='bbox 236 1103 302 1166; x_wconf 91' lang='lat' dir='ltr'><strong>per</strong></span> <span class='ocrx_word' id='word_1_41' title='bbox 338 1087 506 1165; x_wconf 89' lang='lat' dir='ltr'><strong>apertam</strong></span> <span class='ocrx_word' id='word_1_42' title='bbox 542 1103 726 1148; x_wconf 91' lang='lat' dir='ltr'><strong>armorum</strong></span> <span class='ocrx_word' id='word_1_43' title='bbox 766 1086 970 1166; x_wconf 89' lang='lat' dir='ltr'><strong>utriusque</strong></span> <span class='ocrx_word' id='word_1_44' title='bbox 1002 1083 1287 1150; x_wconf 77' lang='lat' dir='ltr'><strong>eonfoederuti</strong></span> 
     </span>
     <span class='ocr_line' id='line_1_8' title="bbox 84 1191 1287 1276; baseline 0.006 -22"><span class='ocrx_word' id='word_1_45' title='bbox 84 1191 292 1275; x_wconf 89' lang='lat' dir='ltr'><strong>Principis</strong></span> <span class='ocrx_word' id='word_1_46' title='bbox 321 1194 391 1255; x_wconf 78' lang='lat' dir='ltr'><strong>vim</strong></span> <span class='ocrx_word' id='word_1_47' title='bbox 417 1194 572 1273; x_wconf 76' lang='lat' dir='ltr'><strong>signanter</strong></span> <span class='ocrx_word' id='word_1_48' title='bbox 592 1211 667 1256; x_wconf 84' lang='lat' dir='ltr'><strong>vero</strong></span> <span class='ocrx_word' id='word_1_49' title='bbox 684 1192 782 1256; x_wconf 85' lang='lat' dir='ltr'><strong>Suae</strong></span> <span class='ocrx_word' id='word_1_50' title='bbox 807 1191 978 1256; x_wconf 80' lang='lat' dir='ltr'><strong>Cnareae</strong></span> <span class='ocrx_word' id='word_1_51' title='bbox 998 1193 1217 1276; x_wconf 86' lang='lat' dir='ltr'><strong>lllajestatis</strong></span> <span class='ocrx_word' id='word_1_52' title='bbox 1245 1217 1287 1261; x_wconf 89' lang='lat' dir='ltr'><strong>ao</strong></span> 
     </span>
     <span class='ocr_line' id='line_1_9' title="bbox 85 1299 1287 1385; baseline 0.003 -23"><span class='ocrx_word' id='word_1_53' title='bbox 85 1299 265 1380; x_wconf 89' lang='lat' dir='ltr'><strong>ejusdem</strong></span> <span class='ocrx_word' id='word_1_54' title='bbox 281 1300 531 1364; x_wconf 76' lang='lat' dir='ltr'><strong>serenissimi</strong></span> <span class='ocrx_word' id='word_1_55' title='bbox 547 1299 747 1385; x_wconf 92' lang='lat' dir='ltr'><strong>Principis</strong></span> <span class='ocrx_word' id='word_1_56' title='bbox 770 1320 838 1385; x_wconf 86' lang='lat' dir='ltr'><strong>qua</strong></span> <span class='ocrx_word' id='word_1_57' title='bbox 860 1301 896 1366; x_wconf 90' lang='lat' dir='ltr'><strong>in</strong></span> <span class='ocrx_word' id='word_1_58' title='bbox 921 1320 1056 1382; x_wconf 85' lang='lat' dir='ltr'><strong>regem</strong></span> <span class='ocrx_word' id='word_1_59' title='bbox 1072 1302 1196 1366; x_wconf 88' lang='lat' dir='ltr'><strong>electi</strong></span> <span class='ocrx_word' id='word_1_60' title='bbox 1213 1323 1287 1366; x_wconf 90' lang='lat' dir='ltr'><strong>una-</strong></span> 
     </span>
     <span class='ocr_line' id='line_1_10' title="bbox 85 1407 1287 1497; baseline 0.003 -25"><span class='ocrx_word' id='word_1_61' title='bbox 85 1409 162 1472; x_wconf 88' lang='lat' dir='ltr'><strong>nimi</strong></span> <span class='ocrx_word' id='word_1_62' title='bbox 195 1412 265 1474; x_wconf 89' lang='lat' dir='ltr'><strong>voto</strong></span> <span class='ocrx_word' id='word_1_63' title='bbox 297 1414 328 1472; x_wconf 91' lang='lat' dir='ltr'><strong>et</strong></span> <span class='ocrx_word' id='word_1_64' title='bbox 359 1407 494 1473; x_wconf 83' lang='lat' dir='ltr'><strong>Consilio</strong></span> <span class='ocrx_word' id='word_1_65' title='bbox 534 1409 813 1474; x_wconf 80' lang='lat' dir='ltr'><strong>determinetur</strong></span> <span class='ocrx_word' id='word_1_66' title='bbox 852 1431 892 1474; x_wconf 91' lang='lat' dir='ltr'><strong>ac</strong></span> <span class='ocrx_word' id='word_1_67' title='bbox 931 1411 1080 1474; x_wconf 86' lang='lat' dir='ltr'><strong>tandem</strong></span> <span class='ocrx_word' id='word_1_68' title='bbox 1111 1411 1148 1473; x_wconf 91' lang='lat' dir='ltr'><strong>id</strong></span> <span class='ocrx_word' id='word_1_69' title='bbox 1189 1412 1287 1497; x_wconf 90' lang='lat' dir='ltr'><strong>quod</strong></span> 
     </span>
     <span class='ocr_line' id='line_1_11' title="bbox 87 1517 1121 1601; baseline 0 -20"><span class='ocrx_word' id='word_1_70' title='bbox 87 1517 270 1600; x_wconf 89' lang='lat' dir='ltr'><strong>optimum</strong></span> <span class='ocrx_word' id='word_1_71' title='bbox 292 1517 489 1582; x_wconf 80' lang='lat' dir='ltr'><strong>videbitur</strong></span> <span class='ocrx_word' id='word_1_72' title='bbox 512 1518 549 1580; x_wconf 91' lang='lat' dir='ltr'><strong>in</strong></span> <span class='ocrx_word' id='word_1_73' title='bbox 572 1518 727 1601; x_wconf 86' lang='lat' dir='ltr'><strong>publica</strong></span> <span class='ocrx_word' id='word_1_74' title='bbox 751 1523 929 1582; x_wconf 89' lang='lat' dir='ltr'><strong>transeat</strong></span> <span class='ocrx_word' id='word_1_75' title='bbox 952 1518 1121 1582; x_wconf 83' lang='lat' dir='ltr'><strong>foedera.</strong></span> 
     </span>
    </p>

    <p class='ocr_par' dir='ltr' id='par_1_3' title="bbox 11 1624 1290 2146">
     <span class='ocr_line' id='line_1_12' title="bbox 183 1624 1287 1714; baseline 0.003 -26"><span class='ocrx_word' id='word_1_76' title='bbox 183 1624 481 1690; x_wconf 86' lang='lat' dir='ltr'><strong>Duodecimum.</strong></span> <span class='ocrx_word' id='word_1_77' title='bbox 513 1626 547 1690; x_wconf 93' lang='lat' dir='ltr'><strong>Si</strong></span> <span class='ocrx_word' id='word_1_78' title='bbox 565 1627 683 1714; x_wconf 91' lang='lat' dir='ltr'><strong>(quod</strong></span> <span class='ocrx_word' id='word_1_79' title='bbox 706 1626 801 1690; x_wconf 88' lang='lat' dir='ltr'><strong>deus</strong></span> <span class='ocrx_word' id='word_1_80' title='bbox 823 1626 1000 1708; x_wconf 73' lang='lat' dir='ltr'><strong>avertat)</strong></span> <span class='ocrx_word' id='word_1_81' title='bbox 1019 1627 1287 1692; x_wconf 88' lang='lat' dir='ltr'><strong>Serenissimo</strong></span> 
     </span>
     <span class='ocr_line' id='line_1_13' title="bbox 88 1733 1287 1818; baseline 0.003 -20"><span class='ocrx_word' id='word_1_82' title='bbox 88 1734 280 1818; x_wconf 88' lang='lat' dir='ltr'><strong>Principi</strong></span> <span class='ocrx_word' id='word_1_83' title='bbox 315 1733 362 1798; x_wconf 90' lang='lat' dir='ltr'><strong>de</strong></span> <span class='ocrx_word' id='word_1_84' title='bbox 396 1734 500 1800; x_wconf 89' lang='lat' dir='ltr'><strong>solio</strong></span> <span class='ocrx_word' id='word_1_85' title='bbox 533 1734 729 1800; x_wconf 89' lang='lat' dir='ltr'><strong>Poloniae</strong></span> <span class='ocrx_word' id='word_1_86' title='bbox 765 1736 1002 1801; x_wconf 83' lang='lat' dir='ltr'><strong>exulandum</strong></span> <span class='ocrx_word' id='word_1_87' title='bbox 1030 1740 1159 1808; x_wconf 88' lang='lat' dir='ltr'><strong>esset,</strong></span> <span class='ocrx_word' id='word_1_88' title='bbox 1191 1741 1287 1801; x_wconf 88' lang='lat' dir='ltr'><strong>tune</strong></span> 
     </span>
     <span class='ocr_line' id='line_1_14' title="bbox 88 1841 1289 1928; baseline 0.001 -22"><span class='ocrx_word' id='word_1_89' title='bbox 88 1841 306 1927; x_wconf 91' lang='lat' dir='ltr'><strong>pollicetur</strong></span> <span class='ocrx_word' id='word_1_90' title='bbox 322 1841 395 1905; x_wconf 87' lang='lat' dir='ltr'><strong>Sua</strong></span> <span class='ocrx_word' id='word_1_91' title='bbox 412 1841 746 1927; x_wconf 81' lang='lat' dir='ltr'><strong>OzareaMajestas</strong></span> <span class='ocrx_word' id='word_1_92' title='bbox 764 1845 933 1926; x_wconf 88' lang='lat' dir='ltr'><strong>ejusdem</strong></span> <span class='ocrx_word' id='word_1_93' title='bbox 950 1865 1014 1928; x_wconf 91' lang='lat' dir='ltr'><strong>pro</strong></span> <span class='ocrx_word' id='word_1_94' title='bbox 1033 1844 1289 1908; x_wconf 88' lang='lat' dir='ltr'><strong>subsistentia</strong></span> 
     </span>
     <span class='ocr_line' id='line_1_15' title="bbox 89 1950 1290 2037; baseline 0.004 -24"><span class='ocrx_word' id='word_1_95' title='bbox 89 1952 124 2014; x_wconf 93' lang='lat' dir='ltr'><strong>in</strong></span> <span class='ocrx_word' id='word_1_96' title='bbox 170 1950 336 2014; x_wconf 88' lang='lat' dir='ltr'><strong>rusiaco</strong></span> <span class='ocrx_word' id='word_1_97' title='bbox 380 1951 543 2034; x_wconf 85' lang='lat' dir='ltr'><strong>irnperio</strong></span> <span class='ocrx_word' id='word_1_98' title='bbox 586 1953 769 2037; x_wconf 86' lang='lat' dir='ltr'><strong>quandam</strong></span> <span class='ocrx_word' id='word_1_99' title='bbox 812 1954 1054 2037; x_wconf 84' lang='lat' dir='ltr'><strong>provinciam</strong></span> <span class='ocrx_word' id='word_1_100' title='bbox 1103 1974 1170 2018; x_wconf 87' lang='lat' dir='ltr'><strong>nee</strong></span> <span class='ocrx_word' id='word_1_101' title='bbox 1218 1974 1290 2018; x_wconf 94' lang='lat' dir='ltr'><strong>non</strong></span> 
     </span>
     <span class='ocr_line' id='line_1_16' title="bbox 11 2059 1288 2146; baseline 0.002 -23"><span class='ocrx_word' id='word_1_102' title='bbox 11 2077 18 2090; x_wconf 83' lang='lat'><em>&#39;</em></span> <span class='ocrx_word' id='word_1_103' title='bbox 90 2059 289 2142; x_wconf 84' lang='lat' dir='ltr'><strong>refugium</strong></span> <span class='ocrx_word' id='word_1_104' title='bbox 311 2060 444 2123; x_wconf 87' lang='lat' dir='ltr'><strong>amicis</strong></span> <span class='ocrx_word' id='word_1_105' title='bbox 469 2064 507 2123; x_wconf 88' lang='lat' dir='ltr'><strong>et</strong></span> <span class='ocrx_word' id='word_1_106' title='bbox 529 2059 724 2126; x_wconf 81' lang='lat' dir='ltr'><strong>fidelihus</strong></span> <span class='ocrx_word' id='word_1_107' title='bbox 741 2060 824 2142; x_wconf 90' lang='lat' dir='ltr'><strong>ejus</strong></span> <span class='ocrx_word' id='word_1_108' title='bbox 842 2061 1288 2146; x_wconf 84' lang='lat' dir='ltr'><strong>concederepronrittit.</strong></span> 
     </span>
    </p>

    <p class='ocr_par' dir='ltr' id='par_1_4' title="bbox 92 2167 1288 2467">
     <span class='ocr_line' id='line_1_17' title="bbox 186 2167 1288 2258; baseline 0.006 -29"><span class='ocrx_word' id='word_1_109' title='bbox 186 2167 378 2232; x_wconf 89' lang='lat' dir='ltr'><strong>Decimum</strong></span> <span class='ocrx_word' id='word_1_110' title='bbox 399 2169 567 2232; x_wconf 89' lang='lat' dir='ltr'><strong>tertium.</strong></span> <span class='ocrx_word' id='word_1_111' title='bbox 597 2169 715 2234; x_wconf 81' lang='lat' dir='ltr'><strong>Liber</strong></span> <span class='ocrx_word' id='word_1_112' title='bbox 739 2171 930 2235; x_wconf 87' lang='lat' dir='ltr'><strong>transitus</strong></span> <span class='ocrx_word' id='word_1_113' title='bbox 954 2176 992 2235; x_wconf 92' lang='lat' dir='ltr'><strong>et</strong></span> <span class='ocrx_word' id='word_1_114' title='bbox 1013 2177 1173 2258; x_wconf 87' lang='lat' dir='ltr'><strong>questus</strong></span> <span class='ocrx_word' id='word_1_115' title='bbox 1191 2173 1288 2236; x_wconf 90' lang='lat' dir='ltr'><strong>omnis</strong></span> 
     </span>
     <span class='ocr_line' id='line_1_18' title="bbox 92 2276 1288 2365; baseline 0.003 -25"><span class='ocrx_word' id='word_1_116' title='bbox 92 2277 218 2361; x_wconf 83' lang='lat' dir='ltr'><strong>generis</strong></span> <span class='ocrx_word' id='word_1_117' title='bbox 241 2297 367 2340; x_wconf 90' lang='lat' dir='ltr'><strong>rerum</strong></span> <span class='ocrx_word' id='word_1_118' title='bbox 389 2297 457 2360; x_wconf 92' lang='lat' dir='ltr'><strong>per</strong></span> <span class='ocrx_word' id='word_1_119' title='bbox 479 2276 672 2341; x_wconf 88' lang='lat' dir='ltr'><strong>Poloniam</strong></span> <span class='ocrx_word' id='word_1_120' title='bbox 696 2280 732 2342; x_wconf 92' lang='lat' dir='ltr'><strong>in</strong></span> <span class='ocrx_word' id='word_1_121' title='bbox 755 2278 963 2361; x_wconf 82' lang='lat' dir='ltr'><strong>Ungariam</strong></span> <span class='ocrx_word' id='word_1_122' title='bbox 985 2301 1053 2365; x_wconf 90' lang='lat' dir='ltr'><strong>per</strong></span> <span class='ocrx_word' id='word_1_123' title='bbox 1075 2283 1288 2345; x_wconf 83' lang='lat' dir='ltr'><strong>exercitum</strong></span> 
     </span>
     <span class='ocr_line' id='line_1_19' title="bbox 94 2365 1237 2467; baseline 0.003 -19"><span class='ocrx_word' id='word_1_124' title='bbox 94 2386 197 2448; x_wconf 88' lang='lat' dir='ltr'><strong>Suae</strong></span> <span class='ocrx_word' id='word_1_125' title='bbox 222 2383 394 2447; x_wconf 79' lang='lat' dir='ltr'><strong>Crareae</strong></span> <span class='ocrx_word' id='word_1_126' title='bbox 418 2385 640 2467; x_wconf 88' lang='lat' dir='ltr'><strong>lllajestatis</strong></span> <span class='ocrx_word' id='word_1_127' title='bbox 667 2387 918 2451; x_wconf 87' lang='lat' dir='ltr'><strong>concedetur.</strong></span> <span class='ocrx_word' id='word_1_128' title='bbox 1233 2365 1237 2376; x_wconf 43' lang='lat'>⁸</span> 
     </span>
    </p>

    <p class='ocr_par' dir='ltr' id='par_1_5' title="bbox 94 2492 1289 2686">
     <span class='ocr_line' id='line_1_20' title="bbox 186 2492 1289 2580; baseline 0.004 -26"><span class='ocrx_word' id='word_1_129' title='bbox 186 2492 391 2555; x_wconf 88' lang='lat' dir='ltr'><strong>Decimum</strong></span> <span class='ocrx_word' id='word_1_130' title='bbox 434 2497 631 2578; x_wconf 88' lang='lat' dir='ltr'><strong>quartum.</strong></span> <span class='ocrx_word' id='word_1_131' title='bbox 691 2495 941 2559; x_wconf 85' lang='lat' dir='ltr'><strong>Residentes</strong></span> <span class='ocrx_word' id='word_1_132' title='bbox 975 2497 1140 2579; x_wconf 86' lang='lat' dir='ltr'><strong>utrique</strong></span> <span class='ocrx_word' id='word_1_133' title='bbox 1178 2497 1289 2580; x_wconf 87' lang='lat' dir='ltr'><strong>parti</strong></span> 
     </span>
     <span class='ocr_line' id='line_1_21' title="bbox 94 2601 508 2686; baseline 0 -22"><span class='ocrx_word' id='word_1_134' title='bbox 94 2601 235 2665; x_wconf 82' lang='lat' dir='ltr'><strong>adesse</strong></span> <span class='ocrx_word' id='word_1_135' title='bbox 257 2602 508 2686; x_wconf 86' lang='lat' dir='ltr'><strong>permittitur.</strong></span> 
     </span>
    </p>

    <p class='ocr_par' dir='ltr' id='par_1_6' title="bbox 93 2710 1289 3011">
     <span class='ocr_line' id='line_1_22' title="bbox 186 2710 1289 2796; baseline 0.004 -24"><span class='ocrx_word' id='word_1_136' title='bbox 186 2710 382 2774; x_wconf 89' lang='lat' dir='ltr'><strong>Decimum</strong></span> <span class='ocrx_word' id='word_1_137' title='bbox 410 2713 597 2796; x_wconf 89' lang='lat' dir='ltr'><strong>quintum.</strong></span> <span class='ocrx_word' id='word_1_138' title='bbox 633 2711 845 2776; x_wconf 89' lang='lat' dir='ltr'><strong>Tractatus</strong></span> <span class='ocrx_word' id='word_1_139' title='bbox 873 2713 950 2776; x_wconf 89' lang='lat' dir='ltr'><strong>iste</strong></span> <span class='ocrx_word' id='word_1_140' title='bbox 978 2712 1048 2774; x_wconf 83' lang='lat' dir='ltr'><strong>ianr</strong></span> <span class='ocrx_word' id='word_1_141' title='bbox 1083 2712 1206 2776; x_wconf 86' lang='lat' dir='ltr'><strong>lactis</strong></span> <span class='ocrx_word' id='word_1_142' title='bbox 1245 2733 1289 2776; x_wconf 86' lang='lat' dir='ltr'><strong>ao</strong></span> 
     </span>
     <span class='ocr_line' id='line_1_23' title="bbox 93 2817 1288 2904; baseline 0.003 -23"><span class='ocrx_word' id='word_1_143' title='bbox 93 2839 136 2882; x_wconf 83' lang='lat' dir='ltr'><strong>ex</strong></span> <span class='ocrx_word' id='word_1_144' title='bbox 176 2818 441 2902; x_wconf 82' lang='lat' dir='ltr'><strong>post&#39;liendis</strong></span> <span class='ocrx_word' id='word_1_145' title='bbox 474 2819 554 2882; x_wconf 86' lang='lat' dir='ltr'><strong>Suae</strong></span> <span class='ocrx_word' id='word_1_146' title='bbox 588 2817 723 2882; x_wconf 82' lang='lat' dir='ltr'><strong>Czareae</strong></span> <span class='ocrx_word' id='word_1_147' title='bbox 755 2820 922 2902; x_wconf 87' lang='lat' dir='ltr'><strong>ltlajestatis</strong></span> <span class='ocrx_word' id='word_1_148' title='bbox 956 2839 1035 2886; x_wconf 86' lang='lat' dir='ltr'><strong>eum</strong></span> <span class='ocrx_word' id='word_1_149' title='bbox 1070 2819 1288 2904; x_wconf 83' lang='lat' dir='ltr'><strong>Republica</strong></span> 
     </span>
     <span class='ocr_line' id='line_1_24' title="bbox 97 2926 810 3011; baseline 0 -21"><span class='ocrx_word' id='word_1_150' title='bbox 97 2926 353 2990; x_wconf 80' lang='lat' dir='ltr'><strong>Tractatilrus</strong></span> <span class='ocrx_word' id='word_1_151' title='bbox 377 2926 479 2990; x_wconf 91' lang='lat' dir='ltr'><strong>nihil</strong></span> <span class='ocrx_word' id='word_1_152' title='bbox 503 2927 810 3011; x_wconf 88' lang='lat' dir='ltr'><strong>praejudicabit.</strong></span> 
     </span>
    </p>

    <p class='ocr_par' dir='ltr' id='par_1_7' title="bbox 96 3018 1350 3883">
     <span class='ocr_line' id='line_1_25' title="bbox 188 3018 1291 3120; baseline 0 -22"><span class='ocrx_word' id='word_1_153' title='bbox 188 3037 392 3100; x_wconf 88' lang='lat' dir='ltr'><strong>Decimum</strong></span> <span class='ocrx_word' id='word_1_154' title='bbox 409 3038 630 3120; x_wconf 87' lang='lat' dir='ltr'><strong>septimum.</strong></span> <span class='ocrx_word' id='word_1_155' title='bbox 649 3018 820 3100; x_wconf 87' lang='lat' dir='ltr'><strong>Praemissa</strong></span> <span class='ocrx_word' id='word_1_156' title='bbox 837 3037 1026 3101; x_wconf 88' lang='lat' dir='ltr'><strong>haecomnia</strong></span> <span class='ocrx_word' id='word_1_157' title='bbox 1043 3038 1142 3098; x_wconf 86' lang='lat' dir='ltr'><strong>intre</strong></span> <span class='ocrx_word' id='word_1_158' title='bbox 1159 3035 1291 3100; x_wconf 84' lang='lat' dir='ltr'><strong>decur-</strong></span> 
     </span>
     <span class='ocr_line' id='line_1_26' title="bbox 97 3145 1292 3230; baseline -0.002 -21"><span class='ocrx_word' id='word_1_159' title='bbox 97 3167 177 3209; x_wconf 90' lang='lat' dir='ltr'><strong>sum</strong></span> <span class='ocrx_word' id='word_1_160' title='bbox 204 3166 269 3208; x_wconf 85' lang='lat' dir='ltr'><strong>sen</strong></span> <span class='ocrx_word' id='word_1_161' title='bbox 292 3147 593 3228; x_wconf 87' lang='lat' dir='ltr'><strong>septimanarum</strong></span> <span class='ocrx_word' id='word_1_162' title='bbox 623 3166 638 3208; x_wconf 90' lang='lat' dir='ltr'><strong>a</strong></span> <span class='ocrx_word' id='word_1_163' title='bbox 664 3145 754 3208; x_wconf 90' lang='lat' dir='ltr'><strong>dato</strong></span> <span class='ocrx_word' id='word_1_164' title='bbox 783 3147 1045 3230; x_wconf 87' lang='lat' dir='ltr'><strong>praesentium</strong></span> <span class='ocrx_word' id='word_1_165' title='bbox 1075 3150 1292 3227; x_wconf 87' lang='lat' dir='ltr'><strong>computan-</strong></span> 
     </span>
     <span class='ocr_line' id='line_1_27' title="bbox 97 3252 1291 3338; baseline -0.002 -21"><span class='ocrx_word' id='word_1_166' title='bbox 97 3255 226 3320; x_wconf 87' lang='lat' dir='ltr'><strong>darum</strong></span> <span class='ocrx_word' id='word_1_167' title='bbox 255 3253 300 3316; x_wconf 91' lang='lat' dir='ltr'><strong>ab</strong></span> <span class='ocrx_word' id='word_1_168' title='bbox 328 3259 490 3337; x_wconf 90' lang='lat' dir='ltr'><strong>utraque</strong></span> <span class='ocrx_word' id='word_1_169' title='bbox 524 3275 591 3338; x_wconf 90' lang='lat' dir='ltr'><strong>per</strong></span> <span class='ocrx_word' id='word_1_170' title='bbox 620 3255 800 3317; x_wconf 85' lang='lat' dir='ltr'><strong>altefatos</strong></span> <span class='ocrx_word' id='word_1_171' title='bbox 829 3255 1011 3332; x_wconf 84' lang='lat' dir='ltr'><strong>Dominus</strong></span> <span class='ocrx_word' id='word_1_172' title='bbox 1040 3252 1291 3337; x_wconf 90' lang='lat' dir='ltr'><strong>Principales</strong></span> 
     </span>
     <span class='ocr_line' id='line_1_28' title="bbox 96 3362 1291 3448; baseline -0.005 -19"><span class='ocrx_word' id='word_1_173' title='bbox 96 3363 416 3428; x_wconf 87' lang='lat' dir='ltr'><strong>ratit&#39;icabuntur.</strong></span> <span class='ocrx_word' id='word_1_174' title='bbox 432 3363 876 3448; x_wconf 80' lang='lat' dir='ltr'><strong>Quaeomniapraemissanon</strong></span> <span class='ocrx_word' id='word_1_175' title='bbox 894 3362 1001 3424; x_wconf 91' lang='lat' dir='ltr'><strong>modo</strong></span> <span class='ocrx_word' id='word_1_176' title='bbox 1015 3363 1165 3424; x_wconf 90' lang='lat' dir='ltr'><strong>nomine</strong></span> <span class='ocrx_word' id='word_1_177' title='bbox 1182 3381 1291 3423; x_wconf 90' lang='lat' dir='ltr'><strong>sere-</strong></span> 
     </span>
     <span class='ocr_line' id='line_1_29' title="bbox 99 3469 1287 3554; baseline -0.005 -18"><span class='ocrx_word' id='word_1_178' title='bbox 99 3473 256 3536; x_wconf 90' lang='lat' dir='ltr'><strong>nissimi</strong></span> <span class='ocrx_word' id='word_1_179' title='bbox 274 3472 605 3554; x_wconf 90' lang='lat' dir='ltr'><strong>acpotentissimi</strong></span> <span class='ocrx_word' id='word_1_180' title='bbox 631 3471 744 3535; x_wconf 74' lang='lat' dir='ltr'><strong>Clari</strong></span> <span class='ocrx_word' id='word_1_181' title='bbox 765 3475 804 3534; x_wconf 90' lang='lat' dir='ltr'><strong>et</strong></span> <span class='ocrx_word' id='word_1_182' title='bbox 821 3469 964 3534; x_wconf 90' lang='lat' dir='ltr'><strong>domini</strong></span> <span class='ocrx_word' id='word_1_183' title='bbox 981 3469 1107 3532; x_wconf 90' lang='lat' dir='ltr'><strong>nostri</strong></span> <span class='ocrx_word' id='word_1_184' title='bbox 1124 3469 1287 3532; x_wconf 88' lang='lat' dir='ltr'><strong>clemen-</strong></span> 
     </span>
     <span class='ocr_line' id='line_1_30' title="bbox 97 3577 1350 3660; baseline -0.004 -15"><span class='ocrx_word' id='word_1_185' title='bbox 97 3577 1290 3660; x_wconf 84' lang='lat' dir='ltr'><strong>tissimiSuaeSaoraeCzareaellajcstatisconclusaetrata</strong></span> <span class='ocrx_word' id='word_1_186' title='bbox 1348 3599 1350 3603; x_wconf 70' lang='grc'>’</span> 
     </span>
     <span class='ocr_line' id='line_1_31' title="bbox 97 3685 1291 3773; baseline -0.004 -20"><span class='ocrx_word' id='word_1_187' title='bbox 97 3690 394 3773; x_wconf 88' lang='lat' dir='ltr'><strong>pronuntiamus</strong></span> <span class='ocrx_word' id='word_1_188' title='bbox 416 3688 482 3751; x_wconf 90' lang='lat' dir='ltr'><strong>sed</strong></span> <span class='ocrx_word' id='word_1_189' title='bbox 505 3693 638 3752; x_wconf 83' lang='lat' dir='ltr'><strong>sancte</strong></span> <span class='ocrx_word' id='word_1_190' title='bbox 664 3693 701 3750; x_wconf 90' lang='lat' dir='ltr'><strong>et</strong></span> <span class='ocrx_word' id='word_1_191' title='bbox 728 3686 1020 3752; x_wconf 90' lang='lat' dir='ltr'><strong>inuiolabiliter</strong></span> <span class='ocrx_word' id='word_1_192' title='bbox 1045 3685 1291 3749; x_wconf 90' lang='lat' dir='ltr'><strong>obseruanda</strong></span> 
     </span>
     <span class='ocr_line' id='line_1_32' title="bbox 98 3793 1292 3883; baseline -0.004 -21"><span class='ocrx_word' id='word_1_193' title='bbox 98 3793 1292 3883; x_wconf 63' lang='lat' dir='ltr'><strong>promittimusrepraesenteslriterasquasolenniainitihujusce</strong></span> 
     </span>
    </p>
   </div>
   <div class='ocr_carea' id='block_1_3' title="bbox 1 3905 1292 3987">
    <p class='ocr_par' dir='ltr' id='par_1_8' title="bbox 1 3905 1292 3987">
     <span class='ocr_line' id='line_1_33' title="bbox 1 3905 1292 3987; baseline -0.004 -16"><span class='ocrx_word' id='word_1_194' title='bbox 1 3905 2 3978; x_wconf 79' lang='lat' dir='ltr'><strong>l</strong></span> <span class='ocrx_word' id='word_1_195' title='bbox 98 3911 290 3972; x_wconf 88' lang='lat' dir='ltr'><strong>tractatus</strong></span> <span class='ocrx_word' id='word_1_196' title='bbox 316 3907 576 3970; x_wconf 89' lang='lat' dir='ltr'><strong>instrumenta</strong></span> <span class='ocrx_word' id='word_1_197' title='bbox 603 3911 726 3971; x_wconf 88' lang='lat' dir='ltr'><strong>mutuo</strong></span> <span class='ocrx_word' id='word_1_198' title='bbox 750 3907 792 3970; x_wconf 90' lang='lat' dir='ltr'><strong>ab</strong></span> <span class='ocrx_word' id='word_1_199' title='bbox 819 3905 1006 3987; x_wconf 88' lang='lat' dir='ltr'><strong>utrinque</strong></span> <span class='ocrx_word' id='word_1_200' title='bbox 1034 3906 1292 3966; x_wconf 85' lang='lat' dir='ltr'><strong>transmutata</strong></span> 
     </span>
    </p>
   </div>
   <div class='ocr_carea' id='block_1_4' title="bbox 1 3989 1342 4098">
    <p class='ocr_par' dir='ltr' id='par_1_9' title="bbox 1 3989 1342 4098">
     <span class='ocr_line' id='line_1_34' title="bbox 1 3989 1342 4098; baseline -0.005 -17"><span class='ocrx_word' id='word_1_201' title='bbox 1 3989 2 4036; x_wconf 69' lang='lat' dir='ltr'><strong>l</strong></span> <span class='ocrx_word' id='word_1_202' title='bbox 100 4009 1342 4098; x_wconf 83' lang='lat' dir='ltr'><strong>extradedimuscumsubsoriptionibusetsigillisnostris.</strong></span> 
     </span>
    </p>
   </div>
   <div class='ocr_carea' id='block_1_5' title="bbox 1 4119 1292 4211">
    <p class='ocr_par' dir='ltr' id='par_1_10' title="bbox 1 4119 1292 4211">
     <span class='ocr_line' id='line_1_35' title="bbox 1 4119 1292 4211; baseline -0.011 -15"><span class='ocrx_word' id='word_1_203' title='bbox 1 4143 2 4196; x_wconf 70' lang='grc' dir='ltr'>ἒ</span> <span class='ocrx_word' id='word_1_204' title='bbox 100 4127 283 4211; x_wconf 90' lang='lat' dir='ltr'><strong>propriis.</strong></span> <span class='ocrx_word' id='word_1_205' title='bbox 342 4125 554 4189; x_wconf 84' lang='lat' dir='ltr'><strong>Varsauiae</strong></span> <span class='ocrx_word' id='word_1_206' title='bbox 602 4123 839 4210; x_wconf 86' lang='lat' dir='ltr'><strong>septembris</strong></span> <span class='ocrx_word' id='word_1_207' title='bbox 884 4127 1025 4207; x_wconf 86' lang='lat' dir='ltr'><strong>quarta</strong></span> <span class='ocrx_word' id='word_1_208' title='bbox 1074 4119 1137 4182; x_wconf 92' lang='lat' dir='ltr'><strong>die</strong></span> <span class='ocrx_word' id='word_1_209' title='bbox 1192 4119 1292 4206; x_wconf 56' lang='lat' dir='ltr'><strong>*annlo</strong></span> 
     </span>
    </p>
   </div>
   <div class='ocr_carea' id='block_1_6' title="bbox 1 4221 1294 4317">
    <p class='ocr_par' dir='ltr' id='par_1_11' title="bbox 1 4221 1294 4317">
     <span class='ocr_line' id='line_1_36' title="bbox 1 4221 1294 4317; baseline -0.006 -17"><span class='ocrx_word' id='word_1_210' title='bbox 1 4221 2 4300; x_wconf 53' lang='lat' dir='ltr'>J</span> <span class='ocrx_word' id='word_1_211' title='bbox 102 4237 308 4300; x_wconf 86' lang='lat' dir='ltr'><strong>millesimo</strong></span> <span class='ocrx_word' id='word_1_212' title='bbox 330 4233 882 4317; x_wconf 85' lang='lat' dir='ltr'><strong>septingentesimoseptimo.</strong></span> <span class='ocrx_word' id='word_1_213' title='bbox 908 4228 1071 4294; x_wconf 87' lang='lat' dir='ltr'><strong>Gabriel</strong></span> <span class='ocrx_word' id='word_1_214' title='bbox 1089 4228 1294 4294; x_wconf 83' lang='lat' dir='ltr'><strong>Goloulrin.</strong></span> 
     </span>
    </p>
   </div>
   <div class='ocr_carea' id='block_1_7' title="bbox 1 4337 1238 4428">
    <p class='ocr_par' dir='ltr' id='par_1_12' title="bbox 1 4337 1238 4428">
     <span class='ocr_line' id='line_1_37' title="bbox 1 4337 1238 4428; baseline -0.006 -21"><span class='ocrx_word' id='word_1_215' title='bbox 1 4383 2 4414; x_wconf 34' lang='grc' dir='ltr'>ι</span> <span class='ocrx_word' id='word_1_216' title='bbox 102 4343 296 4428; x_wconf 84' lang='lat' dir='ltr'><strong>Princeps</strong></span> <span class='ocrx_word' id='word_1_217' title='bbox 321 4342 538 4424; x_wconf 85' lang='lat' dir='ltr'><strong>Gregorius</strong></span> <span class='ocrx_word' id='word_1_218' title='bbox 563 4341 793 4426; x_wconf 84' lang='lat' dir='ltr'><strong>Delgoruki.</strong></span> <span class='ocrx_word' id='word_1_219' title='bbox 830 4337 1238 4421; x_wconf 87' lang='lat' dir='ltr'><strong>PetrusSehaphirot.</strong></span> 
     </span>
    </p>
   </div>
   <div class='ocr_carea' id='block_1_8' title="bbox 191 4443 1292 4538">
    <p class='ocr_par' dir='ltr' id='par_1_13' title="bbox 191 4443 1292 4538">
     <span class='ocr_line' id='line_1_38' title="bbox 191 4443 1292 4538; baseline -0.007 -20"><span class='ocrx_word' id='word_1_220' title='bbox 191 4455 290 4538; x_wconf 89' lang='lat' dir='ltr'><strong>Supra</strong></span> <span class='ocrx_word' id='word_1_221' title='bbox 308 4453 422 4536; x_wconf 85' lang='lat' dir='ltr'><strong>scripto</strong></span> <span class='ocrx_word' id='word_1_222' title='bbox 442 4452 654 4535; x_wconf 70' lang='lat' dir='ltr'><strong>13tpuneto</strong></span> <span class='ocrx_word' id='word_1_223' title='bbox 682 4451 726 4514; x_wconf 91' lang='lat' dir='ltr'><strong>ah</strong></span> <span class='ocrx_word' id='word_1_224' title='bbox 751 4443 934 4531; x_wconf 88' lang='lat' dir='ltr'><strong>utrinque</strong></span> <span class='ocrx_word' id='word_1_225' title='bbox 959 4445 1104 4509; x_wconf 83' lang='lat' dir='ltr'><strong>addere</strong></span> <span class='ocrx_word' id='word_1_226' title='bbox 1127 4445 1292 4528; x_wconf 85' lang='lat' dir='ltr'><strong>placuit,</strong></span> 
     </span>
    </p>
   </div>
   <div class='ocr_carea' id='block_1_9' title="bbox 104 4554 1294 4644">
    <p class='ocr_par' dir='ltr' id='par_1_14' title="bbox 1 4553 1294 4647">
     <span class='ocr_line' id='line_1_39' title="bbox 104 4554 1294 4644; baseline -0.007 -17.717"><span class='ocrx_word' id='word_1_227' title='bbox 104 4567 135 4626; x_wconf 90' lang='lat' dir='ltr'><strong>ut</strong></span> <span class='ocrx_word' id='word_1_228' title='bbox 155 4562 311 4634; x_wconf 89' lang='lat' dir='ltr'><strong>nimirum,</strong></span> <span class='ocrx_word' id='word_1_229' title='bbox 338 4563 428 4644; x_wconf 86' lang='lat' dir='ltr'><strong>prout</strong></span> <span class='ocrx_word' id='word_1_230' title='bbox 454 4559 684 4642; x_wconf 82' lang='lat' dir='ltr'><strong>regnicolis</strong></span> <span class='ocrx_word' id='word_1_231' title='bbox 713 4557 907 4642; x_wconf 87' lang='lat' dir='ltr'><strong>Ungariae</strong></span> <span class='ocrx_word' id='word_1_232' title='bbox 933 4559 970 4618; x_wconf 91' lang='lat' dir='ltr'><strong>et</strong></span> <span class='ocrx_word' id='word_1_233' title='bbox 992 4554 1294 4620; x_wconf 71' lang='lat' dir='ltr'><strong>&#39;transilvaniae</strong></span> 
     </span>
    </p>
   </div>
   <div class='ocr_carea' id='block_1_10' title="bbox 0 0 1545 5084">
    <p class='ocr_par' dir='ltr' id='par_1_15' title="bbox 0 0 1545 5084">
     <span class='ocr_line' id='line_1_40' title="bbox 0 0 1545 5084; baseline 0 0"><span class='ocrx_word' id='word_1_234' title='bbox 0 0 1545 5084; x_wconf 95' lang='lat' dir='ltr'><strong> </strong></span> 
     </span>
    </p>
   </div>
  </div>
 </body>
</html>
