3040 5082
1188 421 1261 492 tor

64 634 334 698 Dificultatum
350 656 446 720 quae
464 635 629 718 henigne
646 633 876 718 appromissi
893 633 1010 698 realis
1031 640 1068 699 et
1084 633 1263 699 effectivi

6 767 9 836 l
64 743 190 807 auxilii
227 724 550 808 effectuationsm
583 763 624 806 ex
655 748 764 825 parte
802 761 891 805 suae
922 745 1116 826 Augustae
1146 743 1263 826 impe-

6 843 8 880 ¹
64 851 167 914 rialis
196 856 236 914 et
268 850 435 916 csareae
462 849 529 917 Min
559 850 749 934 impedire
776 849 835 916 uel
866 851 1070 915 retardare
1101 856 1263 935 possent

6 949 7 984 ¹
525 957 715 1023 resolutio
733 963 802 1022 etc.

145 1121 189 1185 Ea
208 1126 272 1194 est,
301 1120 522 1204 Angustissime
538 1121 720 1204 imperator.
749 1122 780 1184 in
804 1119 948 1184 utilitates
975 1123 1005 1184 et
1027 1121 1175 1184 interessa
1192 1117 1260 1184 hll'.

62 1235 176 1294 restrae
193 1226 292 1294 serm.
309 1231 457 1315 principis
472 1229 644 1301 sinceritas,
657 1233 690 1293 ut
702 1229 836 1313 quamvis
849 1227 927 1292 hene
940 1231 1036 1294 sciret
1048 1248 1102 1294 sua
1115 1228 1263 1294 serenitas

63 1337 138 1427 (l'ol.
159 1337 225 1423 14)
246 1339 436 1421 Majestatem
454 1341 602 1410 vestram,
619 1342 776 1419 antequam
794 1358 828 1401 se
845 1337 883 1402 ad
900 1335 1187 1402 administrationem
1204 1338 1261 1402 he·

4 1449 6 1506 ὲ
62 1449 146 1528 nigne
159 1448 350 1531 appromissi
362 1451 393 1510 et
405 1444 557 1509 hnmilime
569 1446 694 1528 expetiti
707 1446 798 1508 realis
811 1444 912 1510 auxilii
924 1445 1103 1517 resolveret,
1115 1466 1153 1510 an
1164 1447 1261 1512 hocce

4 1507 6 1652 l
62 1557 218 1620 interessis
237 1556 303 1620 suis
320 1556 504 1618 conueniens
526 1554 575 1616 vel
599 1573 655 1617 non
675 1554 843 1637 oppositum
860 1553 910 1626 sit,
927 1557 1044 1618 mature
1060 1553 1262 1628 deliberasse,

3 1659 5 1736 l
61 1661 150 1726 uoluit
181 1662 381 1727 nihilominus
406 1683 460 1726 sua
484 1663 632 1724 serenitas
655 1663 783 1744 ipsamet
806 1658 867 1726 lit.
901 1667 1023 1726 vestrae
1048 1681 1168 1732 omnes.
1186 1683 1260 1746 quas

3 1745 5 1830 l
61 1772 237 1836 adinvenire
252 1771 360 1855 potuit,
378 1789 550 1854 proponere
567 1774 599 1832 ct
614 1769 772 1834 resolvere
788 1768 980 1834 dificultates.

145 1881 277 1944 Prima
295 1879 504 1943 dificultas
522 1879 708 1942 occurrit.
733 1878 875 1942 Forsitan
892 1884 961 1944 ante
976 1879 1082 1943 initum
1099 1901 1167 1944 cum
1185 1899 1260 1961 rege

61 1989 322 2053 christianissimo
356 1988 541 2070 projectatae
576 1986 852 2052 confoederationis
886 1993 1044 2052 tractatum
1080 1987 1261 2052 dificultahit

2 2107 3 2166 l
60 2096 205 2178 hlajestas
214 2101 319 2160 vestra
332 2096 370 2158 ad
382 2095 537 2180 simplices
548 2092 695 2158 suaehtta
707 2093 981 2160 christianissimae
992 2096 1192 2160 resolutiones
1205 2117 1261 2179 per

1 2179 3 2302 l
60 2226 138 2268 suam
156 2206 356 2269 serenitatem
368 2201 424 2267 lli.
438 2207 559 2268 vestrae
571 2207 816 2287 repraesentatas
836 2225 870 2268 se
888 2205 1078 2268 terminatius
1094 2205 1258 2268 resolvere.

1 2305 2 2386 l
62 2314 101 2376 hd
118 2314 202 2397 quod
220 2310 281 2376 hii.
298 2319 420 2377 vestrae
442 2311 595 2376 humilima
610 2319 825 2396 repraesento,
847 2317 1005 2378 tractatum
1028 2312 1260 2378 Varsoviensem

1 2391 2 2456 l
60 2422 120 2502 ejus
138 2443 213 2486 esse
230 2427 367 2490 naturae,
385 2423 434 2505 qni
451 2427 522 2505 post
539 2421 783 2505 exoperationcm
799 2421 990 2486 mediationis
1007 2425 1038 2486 et
1055 2421 1258 2485 confoedera-

59 2531 145 2594 tionis
171 2530 310 2594 Gallicae
327 2525 394 2592 hl‘l'.
412 2537 530 2594 vestrae
546 2531 765 2614 protectionem
789 2531 901 2594 realem
926 2540 956 2594 et
978 2530 1147 2594 effectivam
1169 2551 1259 2594 serc-

59 2639 181 2702 nissimo
199 2638 331 2722 principi
356 2657 422 2701 meo
445 2639 577 2722 positive
600 2639 796 2722 appromittit.
832 2639 865 2702 Si
893 2659 965 2703 vero
998 2639 1036 2702 de
1064 2638 1259 2704 conclusione

59 2748 138 2831 pacis
152 2747 303 2810 Svecioae
316 2753 346 2808 et
359 2746 631 2812 confoederationis
646 2745 779 2810 Gallicae
793 2749 927 2812 occurrft
944 2747 1105 2820 dificultas‚
1117 2748 1261 2830 dignetur

1 2909 2 2964 p
59 2854 127 2918 hl¹⁸'.
150 2861 256 2918 vestra
280 2853 489 2926 considerare,
513 2859 623 2939 quanta
639 2856 678 2918 sit
694 2855 778 2937 regis
795 2853 1044 2919 christianissimi
1066 2855 1258 2920 resolutionis

1 2979 2 2986 ¹
60 2965 180 3028 realitas
193 2969 227 3028 et
239 2963 558 3026 certitudoautenticis
570 2963 647 3046 ipsis
660 2956 1090 3026 succutachrisrianissimae
1099 2963 1136 3028 ad
1145 2971 1257 3026 serm.

61 3073 132 3136 datis
144 3073 246 3136 literis
260 3071 541 3136 credencionalihus
550 3071 691 3158 (quarum
702 3070 859 3151 originalia
873 3072 1124 3137 admauushaheo
1138 3074 1257 3157 etparia

61 3201 158 3246 earum
171 3182 258 3246 hisce
282 3179 432 3267 adjungo)
455 3179 637 3244 confirmata.
668 3180 838 3264 Stipulatnr
860 3199 913 3244 rex
930 3178 1201 3244 christianissimus
1220 3181 1257 3245 ah

1 3371 2 3382 ἵ
62 3291 165 3355 eodem
187 3294 355 3362 momento,
383 3309 441 3373 qno
465 3289 538 3354 idm.
557 3295 657 3354 vestra
682 3291 718 3354 ad
736 3288 917 3372 praestanda
934 3309 1000 3353 meo
1018 3297 1110 3352 serm.
1128 3292 1257 3374 principi

60 3399 199 3464 effectiva
212 3397 319 3462 auxilia
332 3419 367 3462 se
379 3399 548 3471 resolverit,
566 3419 601 3462 se
613 3398 747 3462 alliatum
759 3403 790 3461 et
802 3397 1050 3462 confoederatum
1062 3395 1257 3464 litavestras

1 3571 2 3592 ἶ
64 3509 197 3591 reputari
209 3505 299 3575 velle,
312 3526 367 3588 pro
380 3505 446 3570 hasi
459 3506 548 3588 hujus
562 3505 819 3570 confederationis
831 3525 948 3589 ponens
961 3525 1013 3569 sua
1026 3505 1099 3569 him.
1113 3507 1258 3570 effectua-

61 3617 170 3680 tioncm
194 3616 222 3679 vi
250 3614 462 3679 Varsovicnsis
489 3618 635 3678 tractatus
658 3613 838 3698 appromissi
862 3612 974 3686 auxilii,
991 3614 1044 3685 ita,
1060 3619 1093 3678 ut
1116 3615 1181 3679 sine
1197 3614 1256 3678 hac

1 3749 2 3804 j
61 3725 271 3788 cdectuatione
287 3721 361 3786 nihil
378 3744 431 3788 sua
453 3723 524 3788 illm.
542 3743 577 3787 se
591 3725 738 3788 facturam
754 3727 926 3791 assecurat,
952 3726 1014 3785 tum
1031 3722 1127 3806 quom
1143 3721 1256 3786 media·

1 3845 2 3910 ξ
59 3834 169 3897 tionem
196 3833 282 3916 pacis
311 3832 474 3904 Svecicae,
502 3837 564 3896 tum
591 3831 689 3915 quoad
717 3829 1015 3894 confoederationem
1046 3832 1254 3915 projectatam.

1 3920 2 3942 l
61 3941 176 4006 llaeccc
194 3961 268 4004 suae
282 3936 347 4003 Mn..
369 3937 643 4004 christianissimae
655 3938 799 4003 resolutio
812 3940 1000 4022 pereundem
1013 3947 1126 4003 serm.
1142 3942 1256 4024 princi-

1 4133 2 4136 *
62 4071 137 4133 pem,
151 4051 238 4132 cujus
254 4051 424 4115 interventu
435 4049 560 4114 candem
576 4048 725 4131 negotiari
737 4045 794 4110 hlfl.
812 4051 930 4112 restrae
947 4048 1071 4131 placuit,
1085 4047 1254 4112 notificatur

62 4156 236 4224 hl⁶.uestrac
253 4161 283 4220 et
299 4157 419 4242 quidem
435 4159 554 4222 nomine
571 4163 601 4220 et
623 4179 659 4221 ex
680 4157 866 4220 intimatione
885 4177 957 4220 suae
973 4153 1039 4220 hlfi'.
1058 4155 1252 4220 christianis-

63 4271 152 4332 simae
170 4267 325 4350 productis
344 4285 435 4350 snper
453 4267 557 4330 harum
576 4267 786 4331 certitudinem
809 4266 870 4328 suis
889 4266 926 4328 ad
950 4273 1063 4328 serm.
1085 4265 1252 4350 principem

62 4378 185 4438 exaratis
213 4373 411 4454 originalibus
438 4373 551 4446 literis,
583 4395 639 4439 nec
674 4374 814 4438 minister
847 4372 955 4456 aliquis
990 4393 1025 4435 er
1052 4377 1139 4457 parte
1167 4375 1252 4455 regis

65 4482 306 4548 christianissimi
320 4483 474 4565 expeditus
483 4486 530 4546 est
542 4484 749 4547 uthancsuam
762 4481 977 4546 resolutionem
983 4477 1040 4544 lili.
1050 4486 1171 4546 vestrae
1184 4485 1251 4566 plus

66 4595 211 4658 autentica
219 4596 441 4677 repraesentet,
451 4592 504 4656 sed
515 4597 627 4657 structa
639 4593 716 4676 ejus.
726 4590 809 4679 (Fol.
820 4587 880 4676 lh)
891 4590 970 4656 sicut
979 4590 1049 4663 diri,
1059 4590 1251 4661 certitudine,
