3032 5084
1182 403 1259 476 313

54 577 153 660 Regis
192 575 357 642 Galliarum
391 583 627 663 acceptaturum.
673 576 729 661 Qvi
768 577 807 643 de
845 579 975 644 ineunda
1012 577 1094 643 Suae
1131 576 1263 645 Csareae

55 685 228 768 Maiestatis
249 707 327 770 pace
344 709 413 752 cum
428 689 513 771 Rege
528 687 693 753 Succorum
706 687 845 752 laborare
857 687 956 753 eidem
966 688 1083 770 Legato
1097 691 1262 762 commista

56 795 95 858 ad
119 815 211 880 mam
233 796 308 860 Aula
332 796 464 861 Srecica
480 809 662 880 propensam
686 815 721 860 se
752 794 904 870 exhibuit;
937 796 1123 861 solummodo
1150 796 1167 862 t
1198 795 1260 862 Sua

55 901 173 966 Csarea
206 903 368 985 ldajestate
391 905 614 988 propositiones
638 904 793 968 desiderat
823 903 955 978 audire;
997 905 1132 969 adhaec
1161 910 1260 970 autem

55 1015 204 1075 oretenus
233 1011 333 1076 eidem
361 1015 510 1086 exmisso,
550 1016 682 1098 itemque
714 1013 830 1096 scripto
863 1011 981 1078 cuidam
1013 1031 1050 1078 ex
1081 1013 1260 1097 proceribus

54 1119 200 1202 poloniae
227 1119 410 1194 declararit,
439 1122 555 1186 Sveoos
584 1141 642 1186 nou
674 1121 748 1185 alias
776 1139 844 1186 cum
869 1119 931 1184 Sua
955 1117 1069 1184 Csarea
1099 1121 1260 1204 Majestote

55 1245 167 1308 pacem
197 1227 415 1301 desiderasse,
456 1229 514 1292 nisi
542 1245 610 1294 cum
638 1227 828 1292 restitutione
855 1229 985 1292 omnium
1012 1235 1260 1312 expugnatorum,

56 1333 118 1396 sibi
159 1355 198 1398 ac
231 1335 336 1418 Regno
365 1336 528 1410 Poloniao,
569 1338 768 1422 repensisqvc
794 1338 968 1400 damnorum
997 1337 1027 1399 in
1055 1335 1152 1401 hocce
1179 1337 1261 1402 bello

57 1445 204 1506 causatis.
234 1443 373 1525 Quamvis
403 1467 475 1511 vero
502 1445 539 1510 ad
564 1447 619 1510 has
644 1445 827 1532 imposibiles
856 1445 1047 1510 conditiones
1068 1447 1129 1510 Sua
1146 1445 1259 1510 Csarea

58 1551 228 1633 Maiestas,
256 1552 365 1616 nullam
384 1554 540 1619 debuisset
556 1555 630 1618 dare
646 1555 877 1627 resolutionem,
901 1559 1106 1618 verumtamen
1128 1555 1258 1639 optando

56 1661 114 1722 toti
129 1666 280 1723 terrarum
299 1659 372 1725 Orbi
387 1663 611 1728 inclinationem
633 1683 716 1728 suam
734 1663 772 1727 ad
789 1662 953 1728 sistendam
969 1662 1088 1728 humani
1105 1663 1260 1746 sangvinis

57 1769 239 1832 effusionem
271 1770 479 1845 demonstarc;
519 1773 616 1836 fertur
646 1771 699 1836 tali
731 1773 950 1858 propensione,
990 1773 1016 1834 si
1048 1773 1257 1837 intercedente

56 1877 243 1942 mediatione
258 1879 374 1960 Regiae
390 1879 555 1962 Maiestatis
572 1880 737 1946 Galliarum
753 1899 859 1965 pacem
876 1880 1014 1944 obtinere
1030 1881 1138 1964 possit.

151 1988 226 2070 13¹¹&²²
248 1987 336 2050 Licet
358 1988 420 2051 Sua
443 1987 558 2052 Csarea
580 1987 724 2070 Majestas
748 1988 785 2052 ad
814 1989 993 2074 aequitatem
1017 2008 1073 2071 per
1099 1990 1177 2055 iusta
1205 2013 1258 2056 sua

54 2083 373 2179 Arma'baereditarijs
387 2100 522 2163 eiusdem
533 2100 700 2184 prouincijs
717 2100 907 2183 recuperatis
923 2099 952 2160 in
970 2117 1128 2181 repensam
1145 2099 1256 2184 prioris

55 2207 96 2271 ab
120 2207 232 2291 ijsdem
246 2206 469 2292 possessionis,
494 2213 526 2272 et
554 2207 663 2289 ijsdem
691 2227 747 2292 per
775 2206 887 2271 bellum
910 2207 1164 2289 incorporationis
1188 2208 1257 2283 und,

56 2317 159 2380 omnia
181 2315 247 2378 loca
270 2315 406 2378 retinere
429 2315 604 2388 debuisset,
633 2320 852 2401 praetereaque
882 2314 921 2380 ob
948 2333 1097 2398 perpessa
1122 2322 1258 2401 tempore

55 2425 186 2487 huiusce
208 2423 294 2487 inriti
319 2422 391 2486 belli
409 2425 530 2496 damna,
558 2444 720 2507 repensam
742 2422 760 2487 d
777 2423 942 2486 Succorum
960 2423 1043 2504 Rege
1060 2425 1252 2506 pretendere.

55 2533 259 2596 Nihilominus
280 2536 380 2594 tamen
404 2539 441 2596 e'x
464 2531 578 2597 suoad
594 2551 700 2616 pacem
717 2551 821 2596 amore
846 2531 982 2596 declarat
1010 2551 1047 2594 ex
1074 2535 1256 2616 expugnatis

57 2641 207 2725 quandam
234 2643 350 2724 partem
376 2640 453 2724 Regi
479 2641 644 2705 Succorum
672 2661 840 2711 cessurus,
869 2659 925 2704 nec
952 2659 1011 2702 non
1038 2639 1055 2704 d
1083 2641 1256 2707 damnorum

59 2749 342 2832 recompensatione
379 2747 414 2810 ad
453 2749 642 2832 reciprocam
674 2751 847 2812 cessionem
876 2748 1004 2812 huiusce
1035 2750 1256 2831 praetensionis

61 2861 199 2941 exparte
216 2856 345 2921 Svecica
360 2875 443 2920 more
460 2857 589 2920 omnium
606 2857 781 2920 bellantium
798 2858 1020 2942 provinciarum
1037 2878 1211 2923 recessura.

152 2961 220 3028 tim
251 2965 417 3027 Pertinenti
448 2966 478 3028 in
505 2967 817 3049 recompensationem
848 2965 946 3048 Regni
977 2964 1122 3031 Poloniae
1150 2989 1166 3032 a
1194 2969 1256 3034 Sua

61 3073 173 3138 Csarea
198 3072 361 3154 Majestate
379 3077 589 3155 praetensam,
620 3073 757 3138 absoluta
785 3074 976 3159 responditur
993 3074 1085 3137 Suam
1112 3073 1255 3141 Osaream

61 3182 262 3264 Majestotem,
303 3180 341 3245 ad
371 3181 628 3264 praetendendum
660 3184 719 3248 boc
751 3180 769 3246 d
800 3182 965 3247 Succorum
996 3181 1081 3264 Rege
1113 3186 1255 3251 maiorem

62 3293 206 3355 rationem
230 3289 364 3363 habere;
392 3291 444 3374 qui
467 3297 573 3356 coacto
594 3312 650 3376 per
666 3291 776 3355 bellum
793 3290 875 3354 dicto
892 3290 997 3372 Regno
1013 3289 1050 3352 ad
1075 3291 1255 3358 electionem

63 3403 162 3463 contra
189 3393 277 3480 leges
306 3403 336 3462 et
363 3398 522 3462 libertates
550 3421 653 3464 eorum
679 3420 746 3463 cum
767 3398 821 3463 illo
847 3399 996 3461 nominato
1024 3398 1109 3480 Rege
1132 3401 1257 3467 invitum

1 3585 2 3588 Ἴ
63 3513 218 3573 innotatum
248 3527 314 3570 oum
338 3505 499 3572 violatione
524 3508 658 3572 eiusdem
681 3508 778 3590 Regni
813 3509 910 3571 iurum
933 3508 965 3568 et
981 3504 1170 3582 libertatum,
1199 3530 1256 3574 neo

62 3638 117 3681 non
150 3618 182 3680 in
205 3615 424 3699 praeiudicium
451 3616 530 3680 Suae
561 3615 693 3680 Osarene
726 3615 893 3698 Maiestatis
927 3614 1095 3698 adaptando
1129 3617 1187 3682 sibi
1221 3641 1257 3684 ex

63 3727 165 3790 eodem
190 3725 294 3808 Regno
326 3725 468 3808 quasdam
497 3725 669 3810 provincias
693 3725 777 3788 fecit.
821 3722 933 3786 Verum
957 3721 1071 3786 Csarea
1101 3723 1256 3798 Maiestas,

1 3817 2 3904 f
62 3853 118 3898 non
144 3855 180 3899 ex
208 3831 266 3897 alia
290 3833 408 3897 ratione
434 3834 607 3917 provincias
634 3832 815 3898 Polonorum
843 3831 962 3912 ingredi
985 3830 1109 3903 debuit,
1145 3835 1204 3898 nisi
1225 3836 1256 3898 in

63 3943 213 4006 tuitionem
244 3941 413 4006 libertatum
446 3941 619 4026 liberaeque
651 3941 811 4006 electionis
844 3945 947 4004 contra
981 3942 1045 4003 cius
1077 3959 1184 4014 arma,
1224 3947 1258 4006 ut

65 4051 171 4114 uicinus
193 4049 303 4132 ijsdem
330 4053 448 4134 potens.
485 4050 531 4112 Ne
560 4050 596 4113 ab
619 4050 802 4114 authoritate
823 4047 952 4143 Suecioa
983 4048 1013 4110 in
1037 4047 1095 4110 hoc
1121 4049 1257 4132 Regnum

69 4159 204 4238 promotio
222 4159 302 4222 Suae
327 4157 479 4240 Majestati
505 4156 635 4222 Osareae
666 4159 838 4242 ceterisque
865 4156 975 4218 vicinis
1004 4155 1044 4217 sit
1071 4158 1254 4239 periculosa,

70 4263 233 4330 Prouincias
259 4271 357 4330 autem
380 4285 437 4330 nec
461 4266 552 4329 ullum
576 4266 635 4329 sibi
652 4267 805 4329 interesse
821 4263 859 4327 ab
875 4265 934 4327 hoc
951 4263 1055 4343 Regno
1072 4267 1255 4346 praetendit,

71 4393 128 4436 cum
151 4395 207 4460 qvo
234 4393 292 4458 per
315 4375 522 4438 limitationem
545 4377 694 4438 terrarum
720 4373 810 4438 habet
827 4380 967 4436 aeternae
983 4371 1067 4454 pacis
1084 4377 1255 4442 tractatum.

70 4479 97 4542 ld
116 4485 192 4548 circo
218 4489 426 4568 competenter
449 4505 485 4548 ex
508 4486 595 4567 parte
612 4482 693 4546 Suae
716 4481 846 4546 Osarene
863 4479 1031 4561 Majcstatis
1057 4485 1190 4564 optatur,
1222 4491 1256 4550 ut

73 4586 153 4670 Regia
174 4591 318 4673 ldajestas
344 4591 506 4656 Galliarum
530 4613 586 4675 per
609 4612 693 4655 suam
709 4587 921 4654 mediationem
940 4586 1054 4670 Regem
1072 4588 1200 4655 Sveciae
1217 4595 1256 4657 ad
