3040 5082
1182 369 1255 439 173

14 629 15 638 ἵ
68 544 143 624 perte
158 541 197 604 du
213 561 283 626 roy,
301 563 360 628 que
377 545 410 608 S.
426 544 466 606 Μ.
485 546 633 626 eggreoit‚
650 544 802 628 aceeptoit
820 549 850 607 et
872 545 1028 608 eooordoit
1049 545 1095 608 les
1117 550 1258 630 proposi-

14 639 16 698 ἶ
66 651 136 713 tione
152 657 183 714 et
199 650 382 726 demendes,
400 674 458 738 que
470 652 533 735 j'ei
550 674 587 717 eu
603 651 624 715 l'
635 651 770 716 honneur
786 653 825 715 de
841 653 881 716 lui
899 653 974 716 faire
990 675 1123 736 permon
1136 655 1259 719 dernier

66 761 190 829 memoir,
208 781 271 845 que
284 758 311 844 j’
323 763 351 824 ai
368 764 511 844 presente
526 761 544 824 ὲ
561 761 593 824 S.
612 761 652 824 M.
667 763 697 824 le
714 761 744 824 4.
761 761 800 824 de
817 781 853 824 oe
870 781 964 846 moys.
1000 761 1038 825 Je
1053 763 1178 848 partimi
1193 767 1259 826 tout

66 867 176 952 euplus
192 868 274 932 dens
293 870 383 954 quinz
396 869 480 950 jours
498 889 572 934 aveo
588 869 633 932 les
650 869 832 934 resolutione
848 878 880 933 et
896 869 1004 933 ordree
1022 871 1060 934 de
1082 870 1114 934 S.
1139 869 1179 934 Μ.
1198 876 1257 935 eto.

15 1167 20 1174 ¹
147 1087 202 1150 Le
226 1088 286 1151 25.
312 1087 359 1150 de
380 1087 518 1152 Juliet.
543 1087 576 1151 J
589 1087 625 1150 αἱ
639 1107 678 1150 eu
694 1087 848 1151 aedierooe
863 1087 906 1150 do
921 1107 980 1171 roy
997 1088 1018 1150 ὰ
1033 1087 1141 1152 Marli.
1166 1087 1199 1152 S.
1212 1089 1256 1153 M.

65 1215 108 1257 me
128 1203 245 1282 repeto
278 1203 361 1260 toute
390 1217 442 1261 ees
472 1217 533 1282 que
560 1195 615 1259 Μ.
639 1195 679 1260 de
705 1196 808 1279 Torep
830 1195 871 1258 m'
884 1195 970 1260 aooit
991 1197 1067 1281 dejo
1089 1197 1137 1262 dit
1158 1198 1199 1262 de
1221 1219 1259 1262 ea

63 1311 161 1389 porte,
186 1305 214 1370 e’
230 1313 280 1370 eet
304 1305 325 1367 ὰ
347 1303 429 1380 dire,
453 1305 503 1390 qu’
521 1304 582 1368 elle
605 1303 750 1391 oppreoit
772 1304 964 1390 approuvoit
987 1313 1017 1369 et
1040 1305 1199 1392 oooeptoit
1213 1308 1259 1371 les

67 1414 229 1477 demendee
254 1420 287 1476 et
306 1413 528 1499 propositione
551 1420 685 1478 conterre
708 1414 789 1477 done
813 1413 844 1476 le
865 1414 1012 1489 memo-ir,
1043 1435 1104 1500 poe
1119 1415 1149 1499 j'
1162 1415 1198 1478 ai
1220 1437 1259 1480 eu

67 1521 85 1584 ἴ
96 1520 242 1584 honneur
265 1523 307 1586 de
325 1523 375 1585 lui
397 1521 489 1585 avoir
507 1523 662 1606 preoeote
683 1522 713 1584 le
736 1521 769 1586 4.
795 1521 836 1584 de
858 1543 895 1586 oe
916 1541 1004 1605 moyo
1026 1522 1066 1586 de
1088 1523 1205 1598 Juliet,
1229 1530 1259 1587 et

64 1629 110 1716 po'
122 1630 182 1692 elle
207 1629 359 1716 oherpoit
380 1651 406 1692 o.
430 1650 461 1693 a.
485 1650 511 1692 s.
536 1630 557 1692 o
579 1650 731 1716 mereaper
754 1637 834 1694 cette
856 1630 987 1717 affaire,
1023 1632 1111 1694 selon
1140 1631 1190 1717 qu’
1203 1631 1260 1696 ille

66 1745 209 1802 troooera
233 1758 387 1824 apropoo.

149 1847 202 1910 Le
227 1845 285 1910 26.
311 1847 361 1910 de
383 1845 527 1910 Juliet.
567 1845 733 1910 Moneieor
760 1845 801 1910 de
833 1846 936 1930 Toroy
967 1849 1078 1910 eo‘me
1100 1847 1261 1912 delioront

68 1972 123 2014 one
144 1954 241 2017 lettre
263 1953 308 2018 do
330 1973 390 2036 roy
409 1973 496 2038 pour
518 1975 545 2016 o.
570 1975 601 2018 a.
625 1974 651 2017 e.
675 1974 725 2018 me
747 1960 859 2038 repeto
881 1975 978 2018 eoeor
1001 1956 1031 2018 le
1053 1961 1121 2020 tout
1142 1976 1260 2020 comme

70 2065 110 2124 ert
131 2060 162 2124 oi
183 2061 299 2125 deseos
322 2081 363 2124 eo
381 2081 538 2147 presence
560 2063 600 2126 de
626 2062 681 2126 Μ’.
718 2062 759 2126 de
786 2062 1001 2138 Monesterol,
1034 2083 1155 2150 oppres
1187 2064 1263 2149 quoi

64 2167 134 2248 j'oi
152 2169 227 2254 prio
252 2171 355 2255 coepe
376 2169 415 2234 de
438 2169 487 2234 lui
508 2176 540 2233 et
564 2171 595 2233 le
617 2168 678 2233 27.
695 2171 735 2254 je
753 2169 855 2256 parti.

72 2416 182 2504 Copie
216 2423 263 2484 de
293 2420 330 2484 la
361 2419 486 2484 lettre
517 2421 566 2484 du
595 2441 662 2506 roy
693 2423 843 2485 esorite
874 2421 941 2484 os.
966 2441 993 2483 a.
1018 2442 1044 2488 s.
1068 2422 1112 2484 de
1135 2421 1260 2507 Morly

465 2531 518 2593 25.
544 2529 588 2594 de
612 2529 737 2594 Juliet
762 2529 859 2595 1710.

154 2711 241 2775 Mon
266 2711 442 2775 eousoin.
469 2713 512 2774 he
540 2713 680 2784 memoir‚
709 2731 768 2795 que
796 2709 940 2774 leBaron
963 2710 1001 2773 de
1024 2710 1129 2774 Vettes
1156 2716 1260 2775 vostre

75 2814 148 2902 (rol.
165 2818 229 2904 26)
246 2819 384 2882 ministre
400 2839 509 2902 eupres
526 2820 564 2882 de
579 2839 647 2903 moy
663 2817 732 2882 m'e
749 2820 890 2903 presente
906 2818 935 2880 le
947 2823 1052 2904 quatre
1064 2817 1103 2882 de
1115 2838 1151 2882 oe
1163 2837 1260 2904 moys,

75 2931 116 2987 est
140 2926 176 2990 de
204 2929 278 2991 telle
307 2947 519 3014 consequence
544 2932 575 2991 et
601 2928 698 2991 utilite
723 2948 797 3011 pour
818 2947 882 2990 mes
907 2929 1050 2990 interests
1075 2930 1107 2988 et
1122 2947 1198 3009 pour
1214 2927 1260 2990 les

75 3038 192 3108 vostros,
211 3055 271 3119 que
284 3037 317 3118 je
334 3056 373 3099 oe
385 3055 444 3120 peu
459 3037 558 3101 mieux
573 3036 652 3098 faire
668 3056 726 3121 que
744 3033 774 3098 d'
786 3053 972 3118 approuver‚
996 3053 1126 3117 aggreer
1149 3038 1181 3098 et
1207 3055 1261 3099 ae·

77 3142 175 3207 eorder
190 3149 306 3208 touttes
323 3145 369 3208 les
386 3144 591 3228 propositione
608 3147 639 3206 et
655 3144 836 3215 demendes.
860 3141 943 3227 qu'il
960 3163 1007 3206 me
1023 3144 1076 3206 seit
1092 3163 1147 3226 par
1158 3142 1259 3206 ioelui.

77 3249 109 3313 Je
123 3273 193 3318 roos
210 3254 288 3336 prie‚
306 3251 337 3316 d'
350 3251 496 3337 emploier
511 3257 590 3317 toute
607 3272 660 3316 vos
677 3253 760 3316 soins
776 3271 852 3336 pour
862 3272 898 3314 ee
910 3273 968 3336 qoe
982 3256 1062 3315 cette
1074 3251 1261 3334 negotiation

76 3357 96 3420 ε’
108 3362 220 3428 ooheve
236 3363 253 3425 ὲ
268 3366 372 3426 nostre
390 3381 566 3425 commurme
583 3361 781 3433 satisfactiom
800 3365 831 3424 et
847 3359 877 3423 d'
890 3359 1006 3442 ajouter
1023 3361 1073 3444 foy
1085 3360 1103 3423 ὲ
1114 3363 1195 3422 touts
1208 3378 1260 3423 ees

80 3485 130 3549 que
146 3469 174 3532 le
196 3471 240 3534 dit
258 3471 355 3534 Baron
373 3471 410 3534 de
427 3471 532 3534 Vettes
550 3490 625 3533 vous
642 3469 707 3532 dire
723 3469 761 3532 de
778 3490 824 3532 ma
840 3474 926 3552 parte
943 3468 999 3532 des
1015 3470 1130 3533 bonnes
1148 3473 1180 3532 et
1195 3468 1261 3531 ein-

77 3594 155 3643 oeres
171 3580 335 3644 intentione
353 3599 412 3662 que
421 3578 480 3661 j'ei
493 3580 511 3641 ὲ
522 3599 597 3642 vous
610 3599 757 3662 proourer
768 3583 864 3642 toutte
877 3579 904 3640 la
917 3579 1103 3642 satisfaction
1116 3577 1260 3661 possible.

78 3684 110 3749 Je
122 3691 185 3771 prie
202 3690 297 3760 Dieu,
314 3707 383 3750 mon
400 3688 541 3760 oousein,
559 3686 608 3770 qu'
620 3688 642 3750 il
656 3708 730 3751 vous
746 3689 787 3750 ait
803 3689 821 3751 ὲ
837 3707 870 3750 sa
886 3688 982 3750 seinte
999 3692 1030 3750 et
1046 3687 1139 3768 digne
1156 3687 1261 3769 garde.

155 3799 244 3862 Marti
259 3817 297 3861 ee
312 3796 342 3860 le
358 3797 412 3860 25.
430 3797 468 3860 de
485 3795 578 3860 Juliet
596 3797 692 3862 1710.

284 3907 417 3970 Leuis.
871 3903 1043 3969 colbert.

157 4002 265 4082 tmon
283 4017 418 4087 ooosein,
435 4015 465 4078 le
481 4015 588 4098 prinee
606 4015 644 4078 de
659 4013 783 4087 Rakom,
801 4015 907 4098 prinoe
924 4014 962 4077 de
974 4013 1203 4097 Troosplvenie.

345 4199 396 4261 Le
421 4217 525 4280 moys
551 4195 598 4258 de
623 4195 852 4280 Septembre
879 4196 975 4260 1710.

163 4347 245 4410 Toet
267 4348 297 4409 le
319 4365 407 4430 osope
429 4343 460 4408 Μ’
477 4344 577 4409 Aooet
599 4363 620 4406 o
644 4346 710 4406 este
731 4343 867 4428 emploie
888 4363 927 4406 en
958 4343 1068 4428 voiape
1099 4349 1130 4406 et
1153 4343 1193 4426 je
1221 4362 1264 4405 ne

83 4453 136 4517 orio
156 4455 269 4519 arrioe‘
289 4474 407 4540 aepree
430 4453 471 4516 de
493 4474 518 4516 e.
543 4474 573 4516 a.
598 4473 623 4515 e.
648 4471 709 4537 pue
732 4453 762 4514 le
785 4451 841 4514 20.
867 4451 908 4513 de
930 4449 1124 4535 Septembre.
1153 4451 1264 4515 Aorsoi·

83 4565 143 4636 tort,
178 4585 239 4650 que
265 4563 296 4648 j'
316 4563 352 4626 oi
385 4583 424 4624 eo
459 4561 645 4626 roonneur
678 4561 718 4623 de
752 4559 800 4623 lui
829 4559 946 4622 rendre
974 4565 1112 4644 comptos
1142 4559 1183 4623 de
1211 4579 1264 4622 ma
