3040 5082
1174 388 1246 462 201

54 573 151 636 eodem
167 577 310 657 tempore
327 573 408 634 omni
425 569 668 634 consideratione
685 568 856 655 posthabita
873 573 904 632 et
920 573 1013 632 serm.
1040 587 1107 632 meo
1123 567 1255 652 principi

52 686 146 765 potest
159 680 301 744 auxiliari
318 683 350 742 et
373 679 472 742 Sicco
495 699 529 741 se
553 699 717 764 opponere.
743 677 779 741 Et
806 675 854 741 vel
878 677 1003 740 maxime
1028 677 1091 759 jam
1120 674 1253 740 stabilito

52 789 271 872 provinciarum
288 787 465 870 imperatori
481 786 611 850 Romano
629 786 833 868 subjectarum
850 783 1049 848 neutralitatis
1066 787 1207 848 tractatu.

135 896 172 960 Si
186 901 288 960 autem
304 895 380 960 aliae
393 898 518 977 possent
529 913 690 958 occurrere
703 893 993 976 difficultates.quae
1002 893 1122 975 saepius
1132 891 1257 976 repetiti

59 1008 85 1066 et
105 1005 134 1068 ri
156 1004 314 1085 benignae
336 999 403 1066 lllffi.
428 1010 546 1066 vestrae
569 1003 820 1085 appromissiouis
843 1001 995 1064 humilima
1012 1000 1136 1083 expetiti
1152 999 1254 1064 auxilii

56 1111 141 1174 realis
157 1111 321 1175 retardare
338 1110 386 1175 vel
403 1110 551 1194 impedire
567 1117 693 1193 possent
709 1109 960 1182 effectuationem,
985 1116 1088 1172 ser'”'''.
1112 1107 1256 1193 princeps

56 1219 573 1303 1111111112.1111111111111111111
588 1219 747 1282 reflectere
764 1218 851 1290 velle,
870 1218 1017 1302 quomodo
1035 1237 1088 1280 sua
1105 1216 1256 1279 serenitas

57 1329 225 1411 posthabita
242 1331 432 1413 propriarum
449 1347 568 1390 suarum
586 1327 745 1390 utilitatum
762 1347 844 1400 cura,
864 1332 896 1390 ut
906 1331 988 1388 tanto
1001 1325 1170 1409 expeditius
1187 1320 1253 1388 llfl'.

55 1442 170 1502 restrae
187 1439 341 1502 interesse
359 1437 528 1521 promoveri
546 1437 663 1520 possint
681 1457 738 1500 non
756 1435 864 1500 saltem
881 1455 926 1506 ea,
944 1434 982 1498 ad
998 1454 1123 1518 quorum
1141 1455 1255 1517 exope-

56 1546 195 1609 rationem
213 1547 374 1628 placuerat
386 1542 442 1608 Mi.
458 1549 578 1609 vestrae
590 1565 674 1608 auam
688 1546 882 1608 serenitatem
896 1542 1014 1608 solenni
1030 1546 1160 1608 tractatu
1177 1541 1255 1605 obli-

56 1673 136 1734 gare,
150 1655 318 1718 secundum
329 1650 396 1716 blm.
412 1658 532 1718 vestrae
547 1652 698 1716 desideria
713 1653 889 1722 elaboravit.
904 1652 1058 1716 sedetiam
1073 1651 1111 1714 ad
1125 1650 1257 1713 aeterni-

59 1763 179 1826 uaudam
198 1759 267 1826 blfi'.
285 1767 407 1826 restrae
424 1760 550 1844 gloriam
568 1766 598 1824 et
614 1760 826 1824 stabiliendam
848 1760 1002 1844 potentiae
1024 1779 1096 1822 suae
1119 1759 1256 1822 authori-

58 1873 145 1932 tatem
159 1870 240 1952 apud
255 1868 534 1932 Christianissmum
547 1889 651 1951 regem
668 1869 726 1932 boc
744 1868 926 1938 effectuauit,
944 1868 1023 1951 quod
1041 1866 1113 1932 nulli
1131 1865 1255 1930 christi·

59 1996 177 2040 auorum
194 1977 365 2061 principum
382 1997 435 2040 sua
456 1976 529 2038 ΜΨ.
556 1977 686 2040 defferre
702 1977 807 2040 voluit.
834 1977 871 2040 at
895 1977 941 2040 sic
965 1982 1122 2040 assecurat
1144 1995 1178 2037 se
1201 1994 1254 2038 sua
1306 1987 1310 1992 '

60 2087 205 2148 serenitas
223 2085 308 2146 Mae.
334 2088 464 2146 vestram
489 2085 555 2166 ejus
577 2086 795 2168 generositatis
813 2090 844 2148 et
868 2085 1046 2148 clementiae
1063 2084 1256 2167 Monarquam

61 2212 144 2263 esse,
161 2195 213 2276 qui
230 2193 330 2254 hocce
347 2192 435 2256 ruodo
458 2193 651 2275 comprobata
675 2213 747 2256 suae
769 2193 941 2256 screnitatis
964 2192 1162 2255 inutilitates
1185 2211 1255 2254 suas

60 2299 225 2363 deferentia
241 2306 273 2364 et
286 2301 496 2372 sincerititate‚
514 2301 540 2363 si
558 2321 616 2364 non
633 2321 669 2364 ex
681 2302 796 2365 ratione
808 2300 967 2364 utilitatum
981 2321 1111 2373 suarum,
1127 2299 1176 2364 vel
1192 2298 1256 2362 sal-

58 2411 114 2469 tem
127 2429 163 2472 ex
179 2409 286 2472 mirata
300 2429 354 2470 sua
367 2409 573 2489 generositate
585 2414 617 2471 et
630 2407 790 2474 clementia
801 2429 874 2474 suae
884 2411 1042 2472 serenitati
1058 2406 1256 2479 auxiliabitur,

62 2515 183 2599 orbique
201 2515 377 2580 Christiano
395 2517 621 2590 contestabitur,
645 2523 773 2602 quantae
795 2519 1031 2602 consequentiae
1048 2538 1104 2601 pro
1122 2515 1259 2601 quolibet

60 2624 223 2708 principum
236 2626 292 2696 sit,
333 2625 364 2688 in
387 2622 452 2688 ΜΨ.
477 2630 596 2690 1111111
614 2627 759 2690 utilitates
778 2633 808 2690 et
836 2627 962 2708 gloriam
983 2645 1085 2690 eorum
1108 2645 1198 2690 curas
1216 2630 1247 2690 ct

60 2733 177 2796 servitia
194 2733 383 2816 impendere.

1 2951 2 2980 1
63 2911 425 2998 (l01.20)Relation
450 2913 1251 2998 1111111111111111111111111111111

81 3022 251 3116 laquelle
277 3021 334 3086 les
360 3023 508 3087 svittes
533 3027 570 3087 et
594 3022 708 3087 l'issu
732 3022 892 3089 d'ioelle
917 3027 1007 3088 sont
1030 3021 1233 3087 detailles.

314 3167 994 3232 11111111111111111111111.

150 3291 443 3373 llonseigneur.
468 3292 527 3355 Par
548 3313 612 3356 mes
636 3293 840 3377 precedentes
864 3290 1256 3365 11121.,23.11’01111111,

62 3401 90 3462 7.
118 3399 154 3464 dc
182 3399 272 3472 Nor„
301 3401 333 3463 4.
362 3399 401 3462 de
424 3400 499 3465 Dec.
528 3406 559 3463 et
585 3401 636 3464 10.
666 3401 704 3464 de
732 3401 830 3474 Janr„
860 3420 919 3485 que
944 3398 968 3482 j’
982 3400 1010 3462 ai
1035 3421 1072 3463 eu
1088 3399 1107 3462 l'
1120 3399 1256 3463 honneur

62 3504 215 3570 d'escrire
231 3507 249 3570 a
265 3527 293 3570 r.
311 3527 338 3568 a.
356 3528 381 3568 s.
400 3506 438 3570 dc
455 3506 609 3572 Villanova
627 3529 699 3592 pres
721 3508 760 3571 de
784 3507 928 3572 Varsovie
951 3512 982 3571 et
1008 3506 1046 3569 de
1068 3507 1160 3587 Riga,
1183 3505 1257 3568 dont

62 3634 112 3696 par
127 3614 301 3698 precaution
316 3614 349 3695 je
359 3613 441 3694 joins
458 3636 548 3679 encor
564 3615 604 3678 ici
621 3617 650 3679 le
667 3617 834 3700 duplicata;
856 3616 888 3696 je
905 3616 947 3679 lui
967 3617 994 3676 ai
1010 3615 1106 3678 rendu
1123 3618 1256 3696 comples

60 3721 97 3782 de
118 3727 231 3786 touttes
256 3721 301 3784 les
323 3721 548 3806 ¹particularitas
574 3722 612 3786 de
635 3742 704 3786 mon
727 3725 835 3804 voiage
856 3721 955 3806 jusqu*
969 3722 987 3785 a
1002 3743 1071 3785 mon
1095 3721 1202 3804 depart
1218 3721 1257 3784 dc

62 3829 132 3911 llige
153 3835 185 3894 et
209 3829 344 3914 pendent
366 3849 434 3892 mon
457 3832 564 3912 voiage
587 3831 625 3894 de
647 3831 722 3913 Riga
737 3829 840 3914 jusqu’
852 3831 902 3904 ici,
921 3828 950 3892 n'
964 3831 1044 3894 aiant
1060 3851 1098 3893 eu
1114 3831 1188 3902 rien,
1206 3829 1258 3912 qui

61 3939 103 4001 tut
126 3940 221 4022 digne
244 3940 283 4003 de
305 3938 346 4002 lui
371 3942 454 4002 estre
476 3941 579 4012 escrit,
601 3937 704 4022 jusqu'
719 3940 736 4002 11
754 3961 791 4004 11
804 3939 983 4020 jourdhouis
1006 3959 1059 4021 par
1082 3936 1161 4000 celle
1178 3936 1253 4016 cijc

62 4046 149 4110 raude
166 4051 304 4130 comptas
321 4047 384 4110 111.
403 4068 429 4110 a.
447 4068 472 4110 s.
498 4046 552 4109 des
568 4052 682 4110 tcuttes
699 4045 743 4109 les
760 4047 982 4129 particularitas
1000 4051 1031 4110 et
1047 4046 1085 4109 de
1101 4044 1118 4106 l·
1133 4047 1196 4108 issu
1214 4045 1252 4108 dc

65 4152 92 4216 la
106 4155 289 4238 negotiation
307 4154 380 4218 dont
395 4154 416 4216 il
433 4155 475 4218 lui
492 4176 509 4218 a
525 4155 590 4240 plut
606 4156 644 4219 de
660 4175 708 4218 me
726 4155 866 4235 charger.

145 4265 190 4327 Le
207 4263 238 4324 2.
257 4262 295 4326 de
312 4262 400 4326 Fevr.
418 4266 517 4326 estant
533 4263 766 4326 heuucuscment
782 4263 881 4327 111111
898 4264 946 4345 icy
962 4263 992 4326 le
1010 4263 1039 4324 o.
1058 4263 1097 4324 du
1113 4261 1166 4332 dit,
1186 4260 1211 4342 j’
1225 4261 1254 4323 ai

1 4439 2 4448 χ
65 4389 99 4432 11
112 4373 257 4436 audience
275 4371 313 4434 de
330 4371 390 4434 lle.
407 4371 453 4435 111
471 4372 547 4436 deux
564 4371 776 4445 chancelliers‚
795 4373 826 4435 S.
839 4372 877 4434 M.
891 4370 1057 4436 Csarienne
1071 4373 1169 4434 estant
1181 4371 1255 4433 dans

66 4499 118 4542 uue
139 4479 283 4544 chambre
305 4480 461 4551 voisinne;
485 4478 515 4542 d'
526 4501 564 4564 ou
587 4480 646 4544 elle
670 4501 744 4544 nous
771 4482 930 4544 escoutoit.
955 4481 1042 4542 liant
1058 4478 1153 4541 rendu
1169 4477 1187 4540 ai
1203 4497 1255 4541 ces

66 4585 135 4650 deux
150 4589 305 4652 ministres
323 4585 368 4650 les
385 4586 491 4652 lettres
509 4609 567 4673 que
583 4609 611 4653 r.
629 4609 655 4652 a.
674 4610 698 4654 1.
715 4589 799 4652 leurs
816 4608 832 4650 a
849 4589 952 4662 escrit,
966 4587 999 4670 je
1016 4585 1061 4650 les
1077 4586 1189 4671 prisia,
1215 4585 1254 4650 de
