3040 5082
274 369 349 440 192

270 565 343 610 vero
358 567 393 612 er
404 545 522 628 integro
535 543 657 610 effectui
668 543 844 628 mancipata,
856 543 1011 610 humilima
1022 545 1140 612 reterre
1150 563 1282 630 possum.
1300 545 1485 608 Praetereo

270 653 371 738 itaque
387 654 545 720 brevitatis
562 671 668 726 causa,
693 673 745 722 ea,
771 672 848 736 quae
864 653 901 718 ad
918 654 1097 718 amovendas
1114 654 1332 718 contrariantes
1350 659 1387 716 et
1404 672 1484 736 par-

269 764 356 828 tiales
369 763 524 826 ministros
537 761 854 828 dominosDesalleurs
868 767 899 828 et
911 763 1014 826 Bcnal
1025 765 1148 846 praevie
1160 763 1263 828 tacere
1275 764 1482 846 oportuerat,

268 876 427 958 antequam
434 867 665 937 sinceraaserrt
676 871 891 955 meiprincipis
902 871 1069 954 positiones
1077 876 1108 934 et
1117 871 1258 957 aequales
1266 867 1334 934 illl&
1343 873 1482 936 vestrae

267 982 417 1046 amicitiae
434 979 599 1044 oblationes
617 980 655 1044 oh
672 980 776 1044 oculos
793 981 877 1062 regis
894 977 1146 1043 christianissimi
1159 979 1265 1063 erponi
1281 979 1479 1063 potuissent.

360 1089 495 1154 Tertium
507 1088 709 1172 colligationis
722 1093 865 1172 punctum
879 1093 936 1161 est,
948 1087 1172 1169 ingestissima
1185 1087 1364 1172 Imperator,
1386 1085 1480 1172 aquo

268 1197 446 1263 relationem
461 1215 557 1260 meam
573 1197 715 1262 inchoare
732 1196 845 1270 debeo,
870 1217 925 1282 per
949 1195 1029 1282 quod
1051 1196 1171 1260 alietate
1187 1193 1480 1261 Gallico-Bavarica

269 1306 410 1372 mediatio
427 1304 608 1388 negotiando
620 1304 693 1368 milri
705 1307 864 1370 commissa
881 1311 938 1380 est,
956 1305 993 1370 ad
1009 1327 1116 1390 pacem
1131 1307 1211 1370 inter
1227 1304 1316 1368 ΜΨ
1334 1309 1477 1370 vestram

205 1449 208 1458 ·
271 1420 302 1480 et
320 1417 449 1482 Sreciae
465 1434 569 1497 regem
587 1413 816 1488 ellectuandam,
834 1433 938 1499 quam,
961 1416 1097 1499 quamvis
1113 1415 1152 1480 ad
1167 1416 1479 1499 repraesentationes

268 1544 350 1590 meas
360 1529 429 1609 post
440 1521 565 1588 brevem
577 1522 720 1607 temporis
734 1542 854 1588 cursum
869 1543 922 1588 rex
939 1521 1213 1588 Christianissimus
1224 1542 1280 1606 per
1292 1521 1475 1604 ablegatum

274 1653 360 1698 suum
381 1630 532 1698 dominum
551 1631 590 1696 de
604 1631 774 1696 Btzenvald
792 1632 859 1714 regi
878 1632 1009 1696 Sveciae
1024 1636 1242 1715 proposuerat,
1263 1631 1360 1696 elatus
1383 1631 1479 1710 regis

267 1742 348 1806 illius
359 1741 483 1813 animus,
496 1744 567 1806 tunc
580 1760 646 1804 eam
659 1739 1006 1823 oblationem'rejiciens,
1019 1741 1138 1804 nonnisi
1150 1741 1316 1824 praeterito
1329 1757 1475 1823 rereper

270 1849 419 1914 dominum
428 1848 602 1914 Desalleurs
615 1849 653 1914 ad
664 1849 810 1933 repetitas
823 1867 904 1912 meas
914 1849 1073 1914 instantias
1086 1849 1204 1915 noviter
1214 1847 1343 1912 oblatam
1351 1867 1473 1931 aecep-

269 1959 353 2030 tarit,
370 1977 458 2042 quam
476 1961 631 2042 antequam
649 1979 702 2022 sua
719 1955 792 2020 illm.
810 1955 1067 2022 christianissima
1083 1953 1140 2020 ill.
1164 1957 1254 2022 etiam
1270 1962 1393 2024 vesuae
1410 1975 1471 2040 per

271 2066 443 2146 ablegatum
463 2086 550 2130 suum
577 2065 843 2130 extraordinarium
867 2065 898 2128 in
914 2065 994 2129 hunc
1010 2064 1100 2130 finem
1116 2066 1206 2132 unice
1222 2067 1394 2150 expeditum
1411 2064 1472 2128 do-

270 2177 380 2240 minum
408 2175 447 2238 de
474 2173 565 2238 Balun
593 2173 656 2238 suis
682 2172 911 2238 formalitatibus
937 2174 1056 2248 offerat,
1082 2175 1206 2258 praevie
1221 2193 1339 2260 pernae
1355 2180 1471 2238 serm.

268 2285 412 2368 princeps
425 2283 457 2348 id
463 2283 575 2348 factum
587 2281 623 2346 iri
632 2278 822 2344 Mttvestrae
830 2281 1068 2363 gratulabundus
1077 2283 1239 2365 significat.
1249 2283 1287 2348 llt
1294 2287 1470 2368 quiasaepe

269 2395 417 2478 repetitus
440 2412 492 2456 rex
513 2389 789 2454 Christianissimus
806 2410 862 2474 pro
887 2389 1117 2455 demonstranda
1134 2411 1188 2456 sua
1205 2393 1325 2456 sincera
1341 2393 1471 2456 amititia

269 2506 300 2566 et
315 2503 521 2566 aestimatione
540 2498 622 2586 (Fal.
640 2495 679 2582 8)
696 2517 847 2582 personae
863 2495 950 2562 serffi.
974 2501 1034 2564 mei
1050 2501 1195 2584 principis
1212 2501 1311 2564 eidem
1326 2501 1472 2566 modera-

266 2610 378 2675 tionem
395 2609 607 2691 negotiationis
625 2627 697 2670 suae
714 2626 781 2672 cum
798 2607 865 2672 aula
881 2601 955 2670 lllffi.
977 2613 1097 2674 vestrae
1112 2609 1313 2674 instituendae
1329 2610 1468 2690 gratiose

268 2719 417 2784 commisit
441 2721 472 2781 et
494 2737 528 2781 se
550 2736 618 2780 cum
640 2715 703 2780 Ml.
726 2721 827 2782 vestra
848 2716 987 2782 arctioris
1010 2717 1144 2782 foederis
1167 2717 1286 2784 maculo
1309 2719 1467 2800 strirrgere

269 2827 444 2892 desiderare
461 2846 534 2890 suae
550 2825 708 2890 serenitati
723 2823 848 2908 praevie
863 2823 1045 2908 significavit
1059 2824 1227 2910 voluitque,
1254 2829 1287 2890 nt
1307 2846 1363 2889 sua
1379 2847 1469 2890 sere-

269 2936 348 3000 nitas
364 2939 425 2998 tam
442 2934 559 2998 faustae
575 2934 620 2998 rei
637 2934 764 2998 nuncius
782 2933 831 3006 sit,
850 2931 897 2995 his
909 2933 1046 2998 omnibus
1059 2936 1204 3018 temporis
1217 2935 1377 3018 dispendio
1393 2954 1468 2998 con-

269 3042 371 3108 sulere
387 3043 493 3107 rolens
509 3041 558 3106 vel
573 3042 710 3114 maxime,
727 3046 758 3106 rt
774 3061 866 3125 super
882 3039 1013 3108 Sveciae
1029 3043 1113 3126 pacis
1126 3041 1388 3126 praeliminaribus
1401 3043 1467 3124 ejus

268 3153 445 3219 tractandae
469 3152 537 3218 loco
555 3158 586 3218 et
601 3158 738 3238 tempore
755 3157 785 3216 et
801 3153 840 3216 de
856 3153 985 3219 initurae
1001 3153 1190 3236 Majestatum
1209 3153 1385 3218 Vestrarum
1402 3153 1467 3218 ool·

267 3261 420 3344 ligationis
437 3263 566 3347 punctis,
584 3258 646 3325 llll.
662 3265 785 3326 restrae
806 3261 1021 3326 intentionibus
1042 3263 1199 3347 perceptis
1216 3283 1269 3327 sua
1286 3261 1360 3326 ΜΨ.
1379 3263 1464 3327 chri·

269 3371 452 3434 stianissima
467 3367 586 3434 solenni
602 3389 657 3433 sno
674 3368 785 3432 oratori
798 3367 837 3431 ad
848 3367 926 3432 latus
938 3366 1003 3432 ld‘l.
1021 3375 1144 3434 vestrae
1160 3370 1290 3434 adhaec
1306 3372 1464 3436 tractanda

270 3481 457 3566 expediturc,
474 3479 638 3565 superinde
654 3479 825 3564 praecisas,
851 3478 950 3545 reales
967 3486 999 3545 et
1015 3481 1198 3567 adaequatas
1214 3481 1286 3546 dare
1301 3483 1403 3566 possit
1418 3484 1464 3546 in-

270 3591 471 3664 structiones,
499 3593 532 3652 ut
554 3594 623 3673 post
645 3588 712 3671 ejus
735 3587 894 3652 adventum
917 3591 1051 3654 locorum
1076 3590 1217 3654 distantia
1233 3594 1265 3653 et
1281 3609 1466 3674 correspon-

271 3699 392 3763 dentiae
408 3698 620 3764 incertitudine
635 3703 696 3762 tam
711 3700 811 3782 magni
826 3698 927 3784 operis
944 3698 1117 3766 effectuatio
1133 3699 1274 3784 impediri
1295 3720 1334 3764 ne
1356 3701 1464 3784 possit.

360 3807 560 3891 Quapropter,
585 3807 653 3872 dum
670 3808 701 3872 in
717 3811 847 3872 tractatu
863 3808 942 3872 inter
958 3807 1038 3872 llll‘m.
1055 3812 1186 3872 vestram
1203 3812 1235 3872 et
1251 3828 1356 3890 regem
1375 3807 1464 3872 Chri·

270 3917 486 3980 stianissimum
498 3915 664 3998 aliatosque
677 3937 747 3982 suos
759 3915 1059 3982 suisiormalitatiloos
1070 3916 1331 3981 etmodalilatibus
1339 3918 1464 3982 concin-

271 4024 368 4088 nando
385 4023 598 4088 serenissimos
615 4044 734 4109 quoque
751 4023 915 4090 electorem
930 4024 1077 4089 Bavariae
1095 4029 1124 4088 et
1139 4025 1306 4109 principem
1319 4024 1465 4110 Transpl-

269 4133 375 4197 vaniae
392 4153 449 4216 qua
466 4133 624 4216 colligatos
641 4154 713 4198 suos
736 4133 943 4218 conprehendi
959 4134 1062 4198 facere
1078 4134 1207 4198 intendit
1223 4155 1276 4198 sua
1288 4134 1365 4197 lim.
1376 4133 1464 4198 chri-

271 4243 463 4315 stianissima,
479 4263 534 4327 pro
551 4241 732 4326 obligamine
748 4263 802 4308 suo
815 4244 899 4308 ducit
916 4243 1052 4308 sualim.
1068 4241 1270 4330 (specialibus
1287 4247 1318 4308 et
1333 4243 1466 4326 particu-

272 4347 386 4413 laribus
403 4349 486 4412 Mara·
509 4353 676 4414 vestrarum
692 4350 853 4415 interessis
870 4349 908 4414 ad
925 4351 1081 4416 solennem
1092 4350 1180 4433 hujus
1193 4349 1464 4416 confoederationis

271 4459 430 4522 tractatum
447 4455 611 4542 relegatis)
635 4453 726 4522 serml.
749 4459 895 4543 principis
912 4458 1149 4544 Transylvaniae
1162 4457 1225 4540 jam
1242 4457 1362 4522 aliunde
1378 4458 1463 4520 etiam

273 4561 619 4650 tiltrestraeeolligati,
634 4567 782 4631 interesse
793 4569 853 4629 tam
862 4562 1203 4649 energiceM‘¹.restrae
1210 4564 1461 4637 recommendare,
