3040 5082
1172 371 1272 443 175.

57 615 165 700 copie
189 618 239 682 de
268 617 302 680 la
326 618 454 681 lettre
486 618 529 682 de
554 619 742 684 croience
766 637 862 699 pour
891 616 924 680 S.
950 617 991 679 lt.
1017 616 1246 682 Guarienne.

269 799 493 880 Angustissins
507 799 691 882 Imperator!

12 953 14 1002 ³
134 977 284 1059 Quamvis
300 979 450 1044 hactenus
466 979 588 1062 saepius
602 997 669 1042 cum
686 995 800 1042 summo
817 977 907 1041 animi
923 977 1027 1041 dolore
1048 978 1248 1044 intellexerim

12 1171 14 1182 Ι
52 1083 230 1150 inimicorum
249 1107 389 1152 meorum
405 1087 548 1160 artificia,
573 1085 680 1171 quibus
703 1088 822 1150 sincera
840 1106 905 1150 mea
918 1087 948 1149 in
965 1083 1040 1150 Ml&
1063 1091 1184 1152 restrae
1200 1089 1249 1150 in·

12 1183 14 1238 ῗ
53 1198 160 1256 teressa
177 1193 302 1268 studia,
327 1195 458 1259 inductis
475 1196 635 1260 falsitatum
653 1195 755 1268 larvis,
772 1193 898 1280 palliare
914 1195 1109 1268 studuerunt,
1132 1215 1248 1260 summo

54 1307 142 1366 tamon
158 1305 257 1367 animi
276 1303 384 1367 solatio
402 1303 536 1368 mihimet
550 1305 610 1388 ipsi
625 1303 772 1386 gratulari
789 1322 924 1387 possum,
940 1303 1101 1368 advenisse
1116 1309 1247 1388 optatam

53 1412 251 1486 occasionem,
271 1433 329 1497 qua
345 1413 490 1477 hactenus
508 1413 634 1478 sinceris
648 1411 749 1475 devoti
760 1412 861 1476 cordis
875 1411 983 1476 ciliciis
997 1416 1028 1475 et
1040 1412 1162 1485 ellectu,
1181 1414 1248 1497 plus

12 1527 13 1608 f
55 1539 130 1602 poam
153 1521 282 1594 verbis,
307 1541 355 1584 me
379 1517 448 1584 llffi.
472 1525 592 1584 restrae
615 1521 795 1584 intentiones
820 1521 1007 1584 secundasse
1024 1519 1106 1584 clare
1122 1521 1249 1587 demon·

54 1633 143 1692 strare
158 1649 301 1712 possum.
326 1631 359 1693 ln
381 1650 469 1714 quem
495 1628 584 1692 finem
601 1649 698 1692 meum
722 1628 759 1691 ad
784 1629 880 1694 aulam
903 1629 988 1711 regis
1005 1628 1248 1694 christianissimi

12 1757 14 1768 ’
54 1738 215 1803 ministrnm
228 1739 377 1802 baronem
393 1738 432 1802 de
448 1738 553 1802 Vettes
570 1737 607 1801 ad
624 1737 710 1801 ll‘·¹¹².
726 1741 859 1802 vestram
877 1733 957 1819 (rol.
972 1735 1034 1823 28)
1047 1737 1248 1820 delegandum

12 1879 13 1900 r
56 1843 115 1908 luxi
129 1851 162 1909 ut
177 1847 317 1930 ipsemet
339 1867 390 1920 ea,
417 1867 475 1932 que
492 1847 656 1911 secundum
681 1846 863 1910 intentiones
881 1841 951 1908 llt'.
968 1851 1087 1911 vestrae
1110 1851 1141 1909 et
1163 1865 1246 1910 meos

56 1955 166 2018 ordines
179 1961 367 2038 properatus
380 1959 437 2028 est,
451 1951 508 2016 Mt.
530 1958 650 2018 vestrae
667 1953 768 2017 debita
785 1959 851 2017 tum
868 1951 1034 2016 humilitate
1047 1959 1248 2037 representet.

12 2055 14 2146 l
56 2061 93 2124 lc
106 2063 251 2146 proinde,
269 2081 339 2128 cum
355 2083 402 2126 me
419 2063 466 2126 his
483 2082 602 2148 quoque
617 2061 757 2125 tractatui
775 2081 842 2125 cum
859 2061 923 2124 ll‘'.
947 2067 1047 2126 vestra
1065 2063 1138 2125 inito
1156 2064 1248 2126 satis-

56 2169 160 2234 fecisse
175 2171 291 2235 iterum
307 2173 475 2256 iterumque
491 2171 644 2254 gratulor,
667 2176 699 2234 ut
716 2169 790 2232 lim.
816 2176 914 2234 restra
932 2191 967 2234 ea
984 2189 1119 2256 quoquc,
1143 2189 1203 2255 que
1219 2170 1248 2234 ei

12 2289 13 2368 J
57 2272 107 2340 lll.
131 2285 256 2344 vestrae
272 2302 309 2344 ex
325 2286 412 2365 parte
424 2300 489 2344 mea
503 2281 696 2365 proponenda
709 2280 854 2353 commisi,
867 2278 999 2361 benigne
1011 2280 1154 2344 exaudire
1164 2279 1247 2354 velit,

12 2443 13 2460 2
57 2388 126 2449 omui
141 2387 315 2452 humilitate
330 2393 448 2470 expeto,
465 2389 585 2452 minime
602 2387 754 2461 dubitans,
778 2387 863 2451 ll“¹¹.
888 2406 1009 2472 quoque
1032 2393 1161 2454 vestram
1178 2408 1249 2471 gra·

12 2471 14 2500 ⁸
58 2494 194 2559 iocorum
212 2514 338 2560 suorum
355 2497 575 2580 promissorum
593 2502 623 2561 ct
639 2501 785 2561 tractatus
801 2497 867 2560 initi
883 2496 1109 2561 recordaturam
1125 2498 1172 2562 iri.
1191 2496 1248 2579 Qui

12 2589 13 2592 ¹
58 2601 89 2666 de
104 2605 220 2692 reliquo
239 2603 298 2670 llll.
319 2611 438 2672 vestrae
448 2608 577 2671 omnium
588 2607 752 2671 divinarum
764 2606 928 2689 gratiarum
941 2605 1124 2670 affluentiam
1136 2607 1248 2670 arden·

12 2743 13 2792 3
58 2711 126 2777 tibus
137 2717 216 2778 rotis
229 2720 349 2799 expeto.
361 2715 470 2780 Datum
480 2717 511 2778 in
524 2720 625 2778 castro
638 2735 704 2778 meo
714 2714 938 2787 Srercncs,23.
947 2713 1137 2798 Septembris
1147 2714 1246 2779 1710.

269 2823 490 2905 Augustissime
506 2824 674 2909 Imperator

60 2928 540 3016 Angustissimnaepotentissimo
759 2931 925 3014 lmperialis
957 2927 1023 2994 Ml&
1054 2935 1174 2994 vestrae
1206 2930 1244 2995 ad

12 3061 13 3092 n
61 3039 178 3124 principi
188 3041 269 3104 dom.
280 3039 357 3104 dom.
366 3040 456 3104 Petro
469 3042 541 3104 Ale·
760 3037 1249 3103 debitumobservantiaeetveue·

59 3149 156 3219 corita,
164 3149 432 3234 Magnaellussiae
445 3149 542 3232 lmpe-
760 3148 883 3210 rationis
891 3146 1003 3211 cultum
1011 3147 1247 3230 obligatissimae

62 3255 152 3329 reteri,
169 3255 289 3321 dmnino
305 3257 541 3339 meobenignis-
761 3255 891 3320 servitor

62 3362 201 3430 simoetc.
695 3364 936 3428 Franciscus
967 3364 1162 3448 princeps.

140 3583 182 3646 N’
194 3584 286 3676 ciunt
310 3583 433 3647 heccine
455 3583 487 3647 c'
500 3603 645 3649 coenare
668 3580 857 3646 instruction
876 3580 1116 3667 porticalium,
1133 3603 1158 3645 c.
1175 3602 1206 3645 a.
1222 3602 1247 3644 s.

12 3751 13 3756 ,
64 3707 105 3752 rac
125 3693 230 3758 donne
254 3695 287 3757 ln
311 3691 403 3778 copie
424 3693 467 3758 dc
488 3695 568 3758 celle
590 3693 641 3780 qu'
656 3693 717 3756 elle
732 3691 820 3756 accit
833 3692 939 3754 donne
953 3711 995 3753 au
1011 3689 1054 3754 S'.
1071 3691 1112 3754 dc
1125 3691 1249 3754 Haece

66 3815 133 3866 cccc
163 3805 259 3869 ordre
283 3825 372 3891 poor
400 3803 485 3872 celui
512 3806 558 3878 ci,
590 3807 631 3870 de
652 3803 692 3868 rn'
713 3804 801 3869 cheir
822 3825 861 3867 en
883 3809 966 3879 tout,
999 3809 1030 3866 et
1044 3802 1085 3887 je
1102 3801 1198 3889 parti
1219 3803 1250 3866 le

66 3907 90 3972 1.
111 3911 140 3975 cl'
154 3913 290 3980 Octobre
312 3913 418 3978 1710.

70 4159 299 4230 instruction
324 4167 369 4230 du
392 4167 434 4230 S'.
460 4167 505 4232 de
529 4163 677 4230 lierbee
701 4165 824 4228 donne'
848 4161 1028 4228 Monkats
1059 4161 1097 4226 le
1127 4161 1180 4226 30.
1206 4160 1250 4224 de

547 4273 627 4357 May
653 4274 750 4340 1710.

144 4456 185 4519 La
202 4456 343 4519 situation
359 4457 525 4520 interieure
542 4457 581 4520 du
597 4455 731 4520 roiaume
749 4457 780 4516 et
796 4452 840 4514 les
857 4457 1017 4536 presentes
1035 4451 1250 4534 conjunctores

12 4617 13 4620 ,
73 4558 104 4623 lc
121 4561 147 4627 la
165 4585 294 4647 guerre,
318 4567 413 4630 aiants
431 4566 527 4631 rendu
545 4567 627 4631 cette
643 4561 830 4645 negotiation
846 4560 875 4624 la
890 4559 959 4643 plus
975 4560 1158 4644 importante
1174 4564 1206 4623 et
1221 4558 1250 4623 la
