3066 5078
2 4160 4 4187 t
64 4156 226 4218 tractari
250 4154 318 4215 iarn
345 4151 599 4216 intellexerit
622 4151 775 4216 Gnarus.

2 4202 4 4248 q

2 4286 4 4341 l

3 4579 6 4591 a,

3 4599 5 4610 a

3 4615 4 4622 r

3 4627 4 4642 l

1182 420 1254 492 341

64 603 120 668 est,
150 620 291 682 pacem
319 599 582 664 universalem
609 604 668 664 tam
696 595 899 684 peremptorie
927 595 1108 660 concludi
1135 615 1261 679 posse,

63 705 117 768 ubi
142 709 264 770 ctiam
289 701 670 791 postprel'iminaria
697 707 812 770 multa
844 705 1084 768 diversorum
1114 705 1262 785 Regno·

61 831 130 876 rum
146 821 318 878 recurrent
334 816 466 897 negotia,
483 836 560 900 quae
574 816 696 898 longum
713 815 866 878 involvent
877 823 1005 896 tempus,
1022 819 1053 878 et
1069 812 1156 876 nobis
1174 833 1261 896 pro·

62 919 247 996 suturum;
273 944 333 986 nec
351 923 437 988 aliter
453 929 590 1006 exparte
614 929 716 988 nostra
733 922 799 986 lieri
817 921 929 1007 poterit
950 927 981 986 ut
996 923 1204 1006 perfunctorie
1226 942 1261 984 ca

60 1029 310 1110 expediantur-‚in
327 1032 434 1114 quibus
451 1031 552 1094 salus
568 1031 691 1095 totius
708 1030 863 1113 patriae
879 1035 1032 1094 nostrae
1050 1035 1088 1094 ct
1104 1035 1261 1094 aeterna

60 1139 163 1217 quasi
189 1138 405 1203 libertatis
423 1142 582 1202 nostrae
607 1139 762 1223 questio
791 1139 990 1202 consistit.
1015 1139 1101 1209 ilinc,
1118 1137 1261 1223 quemad-

59 1243 175 1308 modum
193 1247 369 1309 Dominatio
386 1245 493 1309 Vestra
509 1246 575 1328 ipsa
592 1247 804 1310 necessitatem
828 1246 1119 1327 negotiationis
1147 1245 1261 1308 huius

59 1355 225 1416 occasione
252 1357 448 1418 tractatus
472 1354 707 1418 universalis
735 1359 940 1418 extremam
965 1373 1055 1417 esse
1082 1351 1179 1418 bene
1211 1352 1262 1415 di·

59 1458 198 1534 clarat,
218 1463 260 1525 ita
274 1481 329 1545 pro
343 1462 505 1524 omnicura
519 1460 716 1544 etdiligentia
733 1483 786 1526 sua
804 1463 971 1526 reditum
987 1481 1133 1546 quoque
1159 1481 1261 1525 suum

58 1569 237 1632 accelerare
261 1590 321 1634 non
344 1569 554 1652 pretermittant.

146 1675 221 1740 Non
244 1683 428 1762 postremam
451 1678 570 1761 quidem
600 1676 711 1742 nohis
735 1677 973 1760 promitinrus
998 1696 1104 1760 spem
1129 1697 1170 1740 ex
1197 1695 1261 1739 ne·

60 1785 293 1862 gotiatione
318 1785 695 1868 mediationispacis
719 1786 819 1848 inter
840 1783 996 1848 Csarum
1021 1791 1060 1849 et
1086 1785 1260 1857 Succum,

59 1909 142 1972 qoam
176 1892 326 1955 Dominus
358 1893 589 1956 Dcsalleurs
614 1897 702 1956 actu
730 1893 917 1974 suscepit,
935 1898 966 1958 et
992 1893 1054 1974 jam
1077 1893 1204 1956 eundem
1229 1893 1259 1954 in

59 1997 214 2063 hender
237 1999 317 2083 apud
337 2019 470 2080 regem
487 2000 652 2064 Sueciae
669 2001 847 2066 existere
864 2001 1075 2072 credimus;
1102 1999 1261 2083 habeoque

60 2107 200 2169 notitiam
217 2109 255 2172 ab
272 2110 340 2190 ipso
358 2108 534 2172 ministro
559 2110 666 2188 regis
691 2109 856 2173 Sreciae
882 2108 1058 2178 abliller.
1083 2112 1150 2192 qui
1174 2129 1261 2171 can·

61 2214 220 2278 cellarii
249 2235 316 2298 pro
354 2234 450 2278 nune
481 2235 616 2278 munus
644 2220 865 2299 supportat,
905 2221 1063 2301 antequam
1101 2237 1137 2278 eo
1172 2236 1258 2300 per·

60 2322 241 2386 venisset
257 2323 429 2386 dominus
449 2323 674 2387 Desalleurs
700 2324 757 2386 iam
780 2325 863 2407 quasi
881 2345 936 2408 pro
957 2331 1040 2389 certo
1061 2325 1260 2389 mediatio-

61 2449 138 2490 nem
173 2430 371 2494 Serenissimi
403 2431 495 2511 Regis
522 2431 672 2494 Galliae
696 2452 713 2495 a
737 2451 830 2513 rege
855 2432 1019 2495 Sreciae
1047 2437 1260 2518 acceptare

60 2537 259 2610 voluisse,
276 2542 308 2600 et
324 2558 390 2602 cum
408 2537 562 2601 desiderio
579 2538 799 2622 prestolabatur
818 2539 998 2604 Dominus
1016 2539 1259 2612 Desallcurs,

63 2664 121 2707 nou
161 2646 262 2709 minus
295 2667 331 2710 ex
368 2651 454 2729 parte
481 2663 598 2730 quoque
634 2645 751 2710 Czari
783 2647 950 2710 ministri
975 2647 1139 2720 affirmant,
1169 2646 1259 2710 Suam

64 2749 208 2817 Cuaream
240 2755 429 2835 ltlajestatem
461 2755 500 2817 in
527 2754 730 2818 voluntate
762 2754 994 2838 paciscendi
1025 2756 1258 2838 persistere,

63 2861 278 2926 nonobstante
304 2883 352 2934 eo,
377 2862 475 2946 quod
496 2882 565 2944 pax
593 2863 843 2926 mosccvitica
869 2883 948 2926 cunr
984 2868 1100 2927 turca
1132 2862 1259 2925 solen-

61 2969 96 3030 ni
128 2970 212 3032 ritu
241 2970 548 3052 sitprolongata.
578 2970 712 3054 nihilque
736 2970 854 3033 ridetur
875 2971 954 3055 qvod
971 2976 1029 3035 tam
1056 2991 1163 3054 magno
1188 2970 1258 3033 huic

63 3079 145 3160 operi
162 3078 291 3160 amplius
308 3077 429 3140 obstare
446 3078 955 3160 possitpreteruniversalis
982 3081 1094 3163 pacis
1121 3079 1258 3141 sarnam

64 3202 103 3246 ex
128 3185 437 3268 prelirninariurn
465 3185 537 3266 jam
563 3186 672 3268 quasi
704 3186 922 3250 decisorum
949 3188 1148 3270 opinione.
1183 3185 1258 3248 Cum

62 3292 137 3354 enim
167 3292 254 3354 unica
287 3296 318 3354 et
348 3290 524 3374 principalis
556 3293 632 3355 ratio
664 3313 738 3376 quac
770 3293 929 3358 Csarum
962 3294 1182 3357 moscoviac
1213 3292 1257 3355 ad

66 3399 274 3462 amicitiam
313 3404 349 3462 et
386 3399 684 3480 colligationem
718 3421 796 3466 cum
834 3401 867 3464 S.
901 3403 940 3465 bl.
980 3402 1013 3465 C.
1058 3400 1257 3464 ineundam

64 3504 278 3590 compellit,
324 3526 366 3568 ea
400 3507 482 3568 sola
517 3507 581 3578 sit,
621 3511 657 3570 ut
689 3507 727 3570 in
759 3509 1019 3574 universalem
1052 3528 1183 3593 pacem
1222 3509 1258 3569 in

64 3613 217 3678 virtute
245 3613 357 3694 hujus
386 3613 663 3693 colligationis
693 3635 783 3678 suae
811 3616 1087 3699 comprehendi
1115 3616 1256 3698 possit,

63 3721 162 3784 etad
191 3721 263 3782 hoc
290 3721 541 3784 obtinendum
574 3741 615 3783 se
639 3721 758 3784 facile
786 3722 984 3805 prebetad
1016 3742 1146 3805 pacem
1175 3741 1255 3784 cunr

62 3848 153 3910 rege
179 3829 347 3892 Sveeiae
374 3828 418 3892 ad
440 3829 608 3892 savorem
641 3829 792 3892 Galliae
821 3831 1049 3902 faciendam,
1081 3831 1187 3893 merito
1218 3829 1255 3891 ab

64 3939 138 4000 omni
155 3938 290 4021 prescita
318 3937 429 4000 domini
452 3936 685 4001 Desallcurs
706 3939 956 4001 mediationis
988 3939 1256 4018 negotiatione

64 4045 309 4121 abhorrebit,
342 4047 376 4109 si
407 4040 668 4109 universalem
699 4065 832 4127 pacem
876 4039 950 4108 tam
987 4047 1253 4129 peremptorie

151 4261 229 4342 Qvid
257 4264 355 4323 autem
379 4280 420 4322 ex
447 4259 515 4324 hac
541 4259 795 4341 colligatione
824 4279 905 4322 cunr
934 4257 1051 4322 Csaro
1083 4263 1253 4325 ineunda

65 4368 94 4431 S.
110 4371 149 4432 bl.
167 4369 259 4432 boni
276 4367 507 4449 sperandum
529 4368 688 4438 babeat,
711 4387 769 4429 non
786 4371 902 4448 repeto,
921 4368 988 4450 qvia
1004 4367 1035 4428 in
1052 4367 1096 4430 eis
1119 4345 1254 4431 notitiam

66 4478 201 4559 optimam
228 4475 342 4537 babere
364 4473 601 4538 Dominationenr
624 4473 761 4538 Vestram
791 4473 926 4544 adverto,
948 4495 984 4537 ex
1007 4475 1171 4536 memoriali
1194 4475 1255 4549 illo,

66 4584 137 4667 qvod
181 4583 315 4667 proxime
347 4582 605 4646 serenissimo
646 4580 814 4646 electori
849 4580 1043 4644 Bauariae
1086 4582 1255 4648 tradidit
