3040 5082
1176 389 1245 466 191

132 560 172 626 Je
189 564 323 647 partirai
340 562 422 629 d’ioi
438 585 528 650 apres
546 566 673 630 dumain.
699 563 737 628 le
753 583 827 630 rous
844 565 912 648 prie
927 563 1073 630 informes
1090 587 1114 630 s.
1134 587 1160 630 a.
1177 587 1203 631 3.
1221 571 1252 632 et

51 669 94 733 Μ’.
109 668 140 733 le
165 677 265 737 eunte
287 673 328 736 de
351 673 507 760 Bereseny
529 675 567 739 de
591 695 660 742 mou
682 673 792 759 depart
812 693 890 758 pour
904 673 932 736 la
949 691 1038 749 eour;
1058 675 1091 757 Je
1113 695 1152 738 ue
1167 674 1250 741 leurs

52 778 141 841 esurit
155 797 229 862 pas,
247 779 281 843 n'
294 781 377 844 aiant
391 782 459 846 rien
476 783 493 845 b
509 781 591 846 leurs
607 781 742 846 mauder.
765 779 848 844 Vous
864 784 1023 847 trouveras
1039 783 1121 846 aussi
1134 783 1162 848 ei
1172 785 1251 866 joint

50 887 76 952 le
90 893 262 973 passeport
277 890 317 955 de
333 890 384 954 Μ’.
401 890 431 955 le
447 890 677 956 Feldmaraobal
700 890 904 956 Sueremetoli
920 911 997 975 pour
1014 890 1118 978 jusqu'
1129 894 1186 967 ἰοῖς
1211 914 1250 958 en

51 998 178 1062 arriram
194 999 240 1064 ici
256 999 278 1064 il
294 1017 369 1064 rous
384 1019 424 1065 eu
440 1000 575 1066 donnera
590 999 621 1066 d'
634 1005 736 1066 autres
753 1003 813 1066 eto.

376 1183 427 1247 Le
450 1202 554 1268 moys
579 1182 623 1246 de
646 1181 807 1247 Ferrier
832 1182 930 1246 1711.

134 1327 183 1390 Le
199 1327 292 1392 deam
307 1327 347 1392 de
361 1328 495 1392 Ferrier
510 1334 615 1393 estuat
629 1328 741 1392 aurive
759 1329 779 1392 ὰ
795 1327 942 1404 Musaue,
966 1327 1000 1392 S.
1016 1329 1061 1394 Μ.
1080 1330 1253 1396 Ceorieoae

53 1431 194 1501 mdonao
211 1439 233 1500 b
249 1437 321 1502 Μ”.
340 1439 371 1502 le
386 1445 478 1503 conte
494 1437 670 1503 Gollomltin
685 1443 717 1502 ot
732 1439 763 1502 le
777 1439 887 1502 Boron
898 1435 1071 1524 Sopbiroff
1078 1459 1136 1504 eon
1145 1441 1253 1527 prend

53 1544 161 1608 eteiee
178 1543 405 1625 ebunaelliere,
421 1546 462 1610 de
475 1567 525 1609 me
541 1545 664 1610 donner
679 1545 835 1610 amimae
851 1565 890 1610 em
905 1565 963 1609 eoa
978 1565 1076 1610 nome.
1093 1545 1137 1610 113
1152 1567 1202 1611 me
1218 1549 1251 1612 la

20 1664 23 1686 ¹
54 1651 229 1717 doaaerent
246 1654 277 1716 le
293 1652 326 1716 6.
343 1653 387 1717 du
402 1653 452 1717 dit
465 1673 553 1737 mops
569 1654 651 1718 dome
664 1673 726 1718 uae
742 1652 890 1718 chambre
910 1653 952 1716 de
972 1653 1005 1716 lu
1027 1651 1249 1726 obonoellem‘e,

55 1758 84 1822 S.
98 1761 142 1824 M.
159 1782 197 1825 eo
218 1767 372 1826 trouvent
393 1762 475 1826 done
495 1783 558 1826 une
578 1768 672 1826 omre
694 1768 762 1826 tout
784 1769 959 1833 ottonem,
984 1761 1016 1825 d
1028 1783 1069 1826 oa
1090 1763 1151 1826 elle
1172 1783 1251 1827 moue

56 1871 210 1934 meouteit.
227 1871 261 1936 J'
272 1871 309 1934 oi
321 1873 395 1935 vole
409 1872 441 1935 d'
452 1873 554 1936 ubord
567 1873 607 1935 de
622 1893 662 1936 ae
676 1893 738 1958 poe
754 1880 862 1935 entrer
878 1891 917 1934 eu
932 1871 1064 1956 offoiree
1078 1891 1158 1936 ovea
1173 1891 1249 1944 eote,

55 1978 249 2051 emendem,
266 1981 318 2066 pu'
331 1987 428 2045 avent
450 1987 565 2046 tmrttes
581 1982 626 2044 les
643 1979 770 2045 obosoes
779 1980 866 2065 fuit
882 1979 1060 2044 l'bonmem·
1080 1981 1121 2045 de
1144 1981 1253 2046 ealver

57 2085 86 2150 S.
100 2088 154 2159 Μ..
179 2089 227 2153 los·
245 2096 418 2174 praecator
439 2111 492 2154 mo
519 2091 612 2154 lettre
634 2089 675 2152 de
696 2089 842 2154 oroieaoe
865 2097 896 2152 et
911 2088 958 2153 lui
970 2088 1110 2153 delierer
1125 2091 1170 2153 leo
1185 2111 1249 2154 me·

56 2197 156 2268 moire,
174 2198 231 2284 pai
244 2199 420 2286 repurdeat
435 2199 481 2262 leo
497 2199 638 2285 offuires,
655 2219 716 2284 que
722 2198 752 2282 j’
769 2197 805 2261 oi
819 2199 839 2260 b
856 2197 903 2262 lui
918 2205 1101 2284 rapporter.
1117 2198 1202 2263 Meis
1218 2199 1251 2262 lo

58 2311 124 2390 trop
136 2307 263 2392 pronde
280 2307 438 2371 certitudo
453 2327 512 2394 pao
527 2305 560 2371 S.
578 2308 621 2373 Μ.
640 2305 728 2370 auoit
744 2306 801 2369 dee
815 2325 921 2369 memee
936 2305 978 2369 de
995 2305 1051 2370 Μ’.
1065 2305 1252 2370 Deeollmme

58 2420 160 2477 eostre
174 2417 236 2478 ello
253 2435 293 2478 on
302 2417 419 2498 fovear
433 2416 474 2479 de
496 2415 528 2478 lo
549 2435 666 2502 pererro
688 2420 719 2478 et
739 2414 783 2478 du
797 2433 857 2498 roy
872 2413 975 2478 Saede
992 2413 1138 2500 l'oblipa,
1150 2415 1190 2478 de
1201 2435 1252 2478 me

55 2521 134 2601 faire
145 2523 226 2594 dire,
243 2543 304 2609 pue
320 2525 353 2587 lo
365 2543 484 2610 poerre
498 2525 630 2589 deelard
643 2529 753 2589 contre
769 2523 831 2586 elle
842 2543 908 2609 par
924 2519 1195 2586 lee'eolioitotiome
1211 2523 1252 2587 de

63 2629 232 2696 aerem
253 2631 302 2695 lui
322 2633 462 2696 rendunt
481 2653 533 2696 mo
555 2632 752 2697 oommieeion
776 2637 922 2716 ermperto
942 2637 1041 2694 ooomt
1063 2651 1123 2717 poe
1143 2632 1183 2696 de
1202 2653 1253 2695 me

62 2739 214 2803 reaoeooir
235 2761 353 2804 comme
375 2739 537 2817 ministre,
560 2743 624 2804 elle
649 2739 777 2804 aoubuit
798 2739 839 2803 de
859 2739 987 2804 uooooir
1010 2761 1047 2805 ee
1062 2759 1122 2825 pue
1137 2739 1167 2824 j'
1180 2740 1252 2804 oid

65 2845 104 2908 lui
116 2855 331 2934 representer,
357 2849 444 2912 aimei
457 2849 568 2912 eoiuat
583 2869 643 2934 poe
654 2869 722 2935 par
737 2848 758 2912 d
765 2847 962 2934 opiaotrettd
971 2847 1012 2911 de
1023 2848 1070 2912 lei
1081 2847 1252 2912 deramder

65 2951 82 3013 l'
89 2957 250 3026 oudieoee,
260 2956 300 3040 jo
310 2979 352 3020 ae
361 2957 466 3040 foiroi
475 2957 526 3043 qu'
536 2957 658 3044 oiprire
672 2977 723 3021 eos
733 2956 876 3020 meuooo‘s
886 2956 1075 3043 disposition
1088 2977 1127 3020 em
1134 2959 1253 3040 fovear·

64 3061 159 3128 demo
179 3066 399 3141 oomaaieoioa,
416 3067 446 3150 j’
460 3066 495 3130 ai
513 3066 652 3130 delioroi
667 3072 756 3130 entre
777 3067 822 3129 lea
843 3065 948 3130 moires
969 3065 1026 3130 dee
1041 3065 1090 3130 dit
1109 3065 1176 3130 Μ’.
1205 3065 1252 3129 loe

65 3167 266 3238 eboneelliere
281 3175 328 3238 les
342 3175 489 3238 memoira
504 3175 652 3238 suivant:

66 3347 883 3439 ΜοωοὶνερνθηηῑόεὲδαΜὸ.0333133113.
919 3353 1077 3418 Mosaau
1101 3353 1249 3418 ledda

503 3462 668 3527 Ferrier
693 3463 790 3528 1711.

163 3607 392 3690 Angustissime
407 3608 584 3692 Imperator,
601 3607 738 3680 Domine,
756 3605 883 3671 Domine
901 3605 1159 3672 Clememissimet

124 3711 265 3779 Summae
283 3713 457 3780 foelicitatis
474 3727 561 3779 meae
579 3735 649 3780 esse
670 3715 764 3788 duoo,
790 3716 869 3798 quod
894 3723 997 3779 serm.
1014 3715 1251 3802 Transylvauiae

65 3819 207 3907 princeps,
225 3841 263 3886 ex
279 3822 365 3904 eujus
381 3821 512 3906 benigno
529 3825 668 3888 mandato
684 3824 743 3886 iter
758 3841 856 3887 meum
874 3821 912 3886 ad
928 3825 1023 3888 aulam
1040 3821 1115 3896 lllffi,
1128 3831 1249 3887 restrae

65 3923 268 4013 Imperatoriae
292 3933 458 4016 assumpsi,
485 3931 663 3997 relationem
689 3951 808 4017 quoque
833 3951 936 3997 eorum
964 3935 1036 3997 mibi
1063 3934 1249 3998 committere

67 4033 193 4118 diguatus
210 4043 269 4112 est,
286 4038 326 4103 ad
341 4059 465 4124 quorum
481 4041 725 4123 exaperatiouem
740 4060 901 4123 personam
917 4061 1013 4106 meam
1029 4043 1096 4125 pari
1107 4041 1248 4122 benigni-

66 4145 117 4210 tate
127 4148 292 4213 ordinaiam
307 4169 377 4212 esse
390 4149 492 4213 voluit.
509 4149 585 4212 Auni
598 4150 734 4232 profecto
746 4147 896 4222 labuntur,
912 4151 1133 4232 Angustissime
1149 4150 1249 4232 lmpe-

67 4261 189 4335 perator,
214 4279 231 4321 a
256 4276 315 4342 quo
338 4261 407 4341 post
431 4257 663 4322 Varsouiensem
686 4261 846 4322 tractatum
868 4261 898 4322 iu
916 4257 1077 4343 Vagariam
1100 4258 1194 4324 redux
1211 4258 1248 4321 ad

68 4360 244 4429 obtinendam
261 4365 571 4430 Gallim-Bararieam
587 4366 799 4430 mediationem
815 4367 852 4430 ad
877 4366 974 4430 aulam
997 4365 1249 4432 christianissimi

69 4473 138 4554 regis
151 4475 319 4559 expeditus,
336 4475 367 4538 in
383 4473 582 4540 elieetuandis
594 4475 632 4539 iis
642 4475 698 4562 (ad
710 4496 787 4561 quae
801 4483 907 4540 serm.
921 4475 1066 4560 princeps
1084 4497 1118 4540 se
1130 4478 1160 4540 ri
1174 4477 1248 4540 dieti
1333 4510 1337 4516 ‚

69 4583 199 4648 tractatus
216 4581 425 4670 obligaverat)
440 4583 593 4660 desudavi,
610 4603 669 4668 que
685 4586 787 4649 multis
802 4582 955 4649 laboribus
974 4584 1154 4658 continuata,
1169 4605 1246 4649 nuuc
