3066 5078
1205 395 1282 466 845

87 573 264 635 existentem
291 572 463 636 Ministrum
487 572 573 660 (quia
597 591 651 654 pro
675 569 728 634 tali
752 569 944 656 agnoscitur)
968 570 1110 634 insinuari
1134 571 1228 642 iecit.
1253 575 1285 634 ut

85 679 185 761 uigore
203 681 355 763 praesciti
367 681 531 745 Tractatus
543 680 750 746 Varsaviensis
767 679 978 742 serenissimus
992 679 1138 763 Princeps
1152 679 1284 742 media·

85 787 225 850 tionem
250 787 510 852 serenissimi
541 788 648 871 regis
674 786 893 852 Galliarum
917 787 1094 868 adurgeret:
1126 791 1158 850 et
1180 787 1284 850 Domi·

84 915 134 957 ons
156 895 342 958 Desalleurs
364 895 586 978 particulariter
610 894 683 958 nihil
710 893 814 958 habuit
831 892 917 977 (quia
933 892 1046 958 hahere
1062 893 1229 978 noluerat),
1253 899 1285 958 ut

83 1001 354 1066 fundamentaliter
381 1002 411 1064 in
437 1004 669 1084 negotiationem
694 1022 729 1066 se
748 1001 895 1064 immitere
919 1003 1080 1085 potuisset,
1104 1001 1284 1084 volebatque

84 1113 166 1194 prins
191 1111 299 1174 taliter
326 1109 496 1191 experiri
528 1130 657 1192 regem
681 1129 896 1174 suecorum.
920 1109 1054 1194 Accepto
1078 1108 1206 1193 proinde
1226 1107 1284 1172 hoc

8 1223 9 1284 3
84 1220 189 1302 regis
216 1216 375 1282 sveciae
399 1237 603 1302 responso,
627 1218 770 1281 Dominus
787 1216 960 1282 Desalleurs
977 1218 1099 1301 scripsit
1115 1217 1151 1280 ad
1170 1215 1284 1281 domi-

8 1337 9 1410 ]
84 1346 165 1388 nnm
191 1324 422 1389 Palatinum
446 1325 488 1388 de
513 1325 633 1398 Beltu.
658 1325 882 1390 serenissimum
906 1325 1077 1409 Principem
1104 1343 1228 1398 acme,
1252 1329 1285 1388 ut

84 1435 270 1497 minister
302 1433 453 1518 quidam
485 1434 636 1517 scripto
667 1431 1157 1518 voluntatempacisccndi
1182 1433 1282 1496 Suae

85 1541 262 1606 Csareae
285 1540 508 1622 Maiestatis
525 1541 717 1614 declaret,
734 1561 770 1605 ac
786 1541 935 1624 siquidem
947 1541 1008 1624 jam
1025 1563 1091 1606 rex
1113 1540 1284 1605 Sveciae

85 1653 206 1712 etiam
231 1653 476 1732 acceptaret
499 1648 775 1712 mediationem
800 1651 1175 1732 serenissimiregis
1199 1647 1284 1711 Gal·

84 1757 161 1819 liae
175 1757 205 1842 1)
231 1755 340 1843 (quam
356 1756 499 1820 Csarns
514 1758 621 1838 vigore
637 1757 797 1821 Tractatus
815 1757 1024 1822 Varsaviensis
1053 1758 1206 1822 solicitare
1229 1777 1284 1840 per

86 1867 260 1951 Principem
283 1864 426 1928 Nostrum
452 1883 511 1927 non
539 1863 655 1928 destitit
668 1864 844 1951 hactenus),
861 1866 906 1928 de
932 1864 1091 1930 modoet
1114 1866 1284 1928 formali-

84 1971 1283 2058 tatelociactemporecongressusvoluutasexplicener(sicl

86 2082 182 2146 Suae
207 2080 623 2161 Csarcaelllajestatis
646 2099 717 2164 per
741 2081 955 2146 ministrum
986 2080 1171 2162 ejusdem,
1196 2101 1283 2166 quam

86 2188 233 2254 Dominus
258 2189 435 2253 Desalleurs
459 2188 537 2270 Regi
553 2207 672 2272 quoque
688 2209 742 2252 suo
765 2186 1020 2253 christianissimo
1037 2179 1221 2260 notificabit,
1244 2194 1285 2252 nt

88 2299 130 2362 ad
153 2298 415 2364 mediationis
432 2296 604 2380 ejusdem
629 2297 962 2361 continuationem
985 2296 1140 2380 legatus
1157 2295 1283 2380 pleni·

88 2406 358 2489 potentiarius
383 2424 450 2468 suo
474 2404 583 2468 modo
608 2404 832 2477 ordinetur,
863 2405 943 2489 quod
964 2405 1026 2488 jam
1056 2406 1158 2469 taliter
1181 2404 1285 2468 llomi-

89 2533 140 2576 nus
165 2513 345 2578 Desallcurs
368 2513 406 2576 ad
429 2511 532 2576 Aulam
557 2512 647 2577 Suam
671 2512 746 2577 dicit
769 2533 803 2576 se
826 2512 1007 2578 notificasse.

177 2622 302 2686 Addidit
324 2625 499 2704 praeterea,
525 2621 623 2704 quod
647 2642 713 2684 rex
734 2621 891 2686 sveciae
916 2623 1146 2694 resolverit,
1176 2619 1283 2684 nullo

90 2731 192 2794 modo
223 2729 416 2812 impedire
442 2727 545 2791 velle
577 2729 790 2800 commoda,
822 2749 901 2812 quse
943 2751 984 2794 ex
1021 2729 1283 2810 colligatione

92 2835 1284 2920 cttractatuinterserenissimumregemchristianissimum

91 2949 125 3006 et
164 2964 337 3010 csaream
367 2943 609 3024 majestatem
637 2945 801 3007 ineunda
826 2945 973 3010 eisdem
1002 2944 1283 3028 provenirent,

93 3071 211 3134 neque
240 3052 277 3114 in
301 3072 345 3114 eo
377 3073 418 3114 se
442 3051 676 3117 contrarium
700 3073 794 3116 esse
818 3053 936 3124 velle.
961 3050 1284 3116 utuniversalom

92 3159 126 3222 in
149 3179 281 3244 pacem
305 3159 506 3223 inseratur
530 3158 671 3222 Csarus
696 3161 755 3225 cui
787 3179 855 3243 pro
889 3161 1012 3224 tertio
1038 3179 1162 3244 neque
1194 3161 1285 3222 tito·

93 3265 464 3351 lumimperatoriae
480 3266 701 3348 majestatis
723 3268 912 3331 invidere,

177 3378 255 3440 llinc
276 3375 337 3454 jam
354 3378 459 3457 aparet
482 3395 568 3457 qvam
585 3394 732 3458 prospero
756 3376 875 3438 tramite
895 3377 1017 3438 haeres
1041 3373 1227 3459 procedunt,
1252 3376 1284 3436 et

94 3483 272 3562 quambene
290 3481 509 3544 Serenissimus
526 3481 672 3566 Princeps
689 3487 748 3544 tam
766 3481 869 3545 sedulo
887 3504 903 3545 a
918 3488 1001 3546 tanto
1018 3488 1154 3568 tempore
1172 3480 1286 3545 sollici-

93 3588 1285 3670 tavitaulamserenissimiregischristianissimiutminister

94 3697 394 3761 admediaticnis
420 3697 532 3779 hujus
557 3697 868 3780 negotiationem
900 3698 1102 3762 ordinatus
1127 3699 1283 3761 fuisset.

95 3801 124 3865 si
140 3807 219 3868 enim
236 3804 323 3868 modo
340 3805 484 3870 Dominus
500 3804 686 3875 Desalleurs‚
711 3807 761 3866 aut
777 3805 852 3868 alius
869 3804 1057 3870 sufficienter
1072 3805 1238 3868 instructus
1254 3808 1285 3866 et

95 3912 294 3974 authorinatus
311 3916 411 3983 esset,
439 3912 486 3974 his
518 3913 550 3974 in
572 3931 643 3975 vera
658 3909 912 3993 praeliminarium
938 3912 1034 3975 forma
1058 3912 1169 3975 aulae
1186 3911 1285 3974 Suae

98 4013 259 4081 Csareae
284 4017 505 4098 Majestatis
534 4019 749 4101 propositis
771 4019 832 4100 jam
849 4004 1287 4100 initia'sunsissetipsetrae-

96 4128 179 4198 tatm,
196 4145 263 4188 nam
280 4125 492 4187 recentissime
509 4130 540 4186 et
557 4129 626 4187 ante
643 4125 774 4188 triduum
791 4127 895 4208 accepi
913 4147 956 4188 ex
980 4127 1066 4208 ipsa
1087 4125 1285 4188 Moscovia

98 4230 134 4294 ab
157 4231 360 4295 aulaSuae
388 4229 560 4294 Csareae
589 4231 810 4314 MaJestatis
842 4233 1139 4295 notificationes
1164 4251 1205 4293 ac
1233 4231 1283 4292 in·

98 4339 351 4411 sinuationes,
383 4357 490 4422 quam
518 4340 797 4422 potentissime
825 4341 956 4424 cupiat
988 4338 1134 4403 Csarus
1158 4337 1285 4402 amici-

99 4487 415 4502 W

131 4552 158 4621 ¹)
176 4552 324 4623 Eigentlich
344 4549 650 4606 christianissimi.
