3066 5078
1200 356 1276 428 343

59 529 198 594 liatos
232 531 473 614 repulerunt
496 533 531 594 in
565 532 771 596 Poloniam.
797 529 1050 602 Caesareani,
1078 550 1123 593 ne
1158 529 1277 595 verbo

57 657 101 698 se
129 659 342 722 opponere
370 639 531 710 audent;
559 639 801 703 sciuntenim
827 638 1010 703 Viennam
1036 657 1277 722 usquemos·

60 747 272 816 coriticis,
294 746 377 808 dum
396 745 607 818 voluerint,
632 746 711 809 iter
735 751 878 830 patere.
904 746 991 809 Omni
1015 747 1142 830 proinde
1159 745 1276 810 meliori

55 851 156 914 modo
180 853 261 916 haec
282 860 518 934 repraesentare
539 853 659 916 stodeat
682 853 849 917 Dominatio
873 853 997 924 Vestra,
1024 859 1055 916 ut
1081 854 1112 914 in
1139 854 1197 916 boc
1215 858 1275 916 tam

55 957 146 1022 bene
163 965 273 1043 coepto
290 963 426 1041 negotio,
444 961 553 1044 aliquid
567 962 604 1024 ad
617 961 791 1024 firmandam
804 961 1120 1044 negotiationem
1137 980 1276 1024 cursor

57 1067 129 1130 bic
165 1071 343 1152 quantotius
376 1068 498 1131 adferre
519 1069 625 1150 possit.

163 1176 252 1258 Qvod
281 1182 381 1238 autem
408 1175 582 1239 colonam
611 1197 675 1240 seu
704 1176 835 1239 vellus
863 1195 1016 1238 aureum
1044 1175 1166 1256 majus
1199 1194 1276 1238 cum

58 1289 232 1366 patente
259 1283 421 1354 attinet,
446 1282 534 1364 jubet
552 1283 771 1346 serenissimus
792 1282 956 1364 Princeps,
981 1287 1028 1353 ut,
1055 1281 1082 1344 si
1109 1281 1277 1346 Dominatio

60 1391 186 1454 Vestra
213 1390 328 1453 bonis
358 1396 395 1452 et
421 1391 576 1454 securis
606 1391 858 1474 passualibus
886 1389 941 1454 uti
968 1394 1118 1472 potest,
1146 1411 1277 1455 secum

63 1497 237 1561 adserat
263 1497 363 1560 illud
394 1497 517 1562 vellus
545 1518 716 1569 aureum;
743 1499 777 1560 si
808 1519 896 1563 vero
928 1517 994 1580 pro
1026 1497 1188 1560 itineris
1217 1494 1278 1560 sui

0 1613 4 1728 p
62 1603 309 1666 celleritate
341 1623 411 1665 non
442 1609 514 1666 tarn
543 1624 685 1668 securo
716 1625 757 1667 se
784 1624 977 1688 exponere
1009 1603 1184 1667 voluerit
1213 1605 1278 1667 iti-

3 1726 6 1727 ’
62 1713 176 1783 neri,
211 1731 257 1773 ne
289 1711 418 1774 vellus
457 1732 610 1775 aureum
639 1711 913 1796 periclitetur,
943 1731 1015 1795 per
1054 1711 1279 1776 Constanti·

65 1819 257 1904 nopolim
295 1839 434 1882 secura
477 1839 520 1883 ac
561 1819 642 1884 lida
681 1821 893 1884 occasione
939 1821 1170 1884 transmitat.
1203 1820 1279 1901 Quin

64 1932 99 1990 et
130 1929 193 1990 hoc
214 1925 303 2007 jubet
331 1947 384 1990 sua
401 1927 550 1991 serenitas
568 1928 645 2012 qvod
669 1929 696 1991 si
713 1929 978 2012 periculosum
1011 1927 1279 1992 Dominationi

64 2035 242 2099 Vestrae
281 2034 400 2097 alliud
441 2033 644 2098 videretur
676 2056 765 2100 esse
801 2036 879 2100 iter
911 2035 1024 2098 etiam
1055 2036 1146 2120 ipse
1185 2034 1277 2098 Con-

65 2141 377 2224 stantinopolim
408 2161 545 2205 uersus
580 2143 717 2206 venire
756 2145 887 2226 potest
936 2142 1153 2206 Dominatio
1186 2142 1277 2206 Ves-

68 2255 151 2323 tra,
183 2251 379 2331 jamenim
421 2250 579 2313 favente
619 2251 781 2332 navigio
830 2249 1022 2313 cellerius
1066 2256 1103 2313 et
1149 2251 1273 2335 quoad

68 2359 329 2419 securitatem
351 2355 615 2419 indubitatam
642 2356 805 2420 facilius
830 2357 900 2420 bac
925 2375 1033 2440 quam
1052 2377 1121 2440 per
1153 2357 1277 2420 hosti·

74 2484 162 2528 cum
187 2464 362 2528 transire
386 2469 531 2546 potest.

166 2574 213 2636 De
248 2571 509 2637 subsidiorum
537 2573 743 2654 restantijs
771 2577 802 2636 ct
832 2592 952 2649 eorum,
984 2593 1071 2656 quam
1099 2578 1130 2636 et
1157 2573 1275 2636 futurae

4 2674 8 2740 l
72 2701 244 2745 summae
260 2679 538 2744 transmissionibus
552 2683 652 2744 refero
665 2702 712 2744 me
729 2681 766 2744 ad
780 2682 896 2763 priores
909 2701 1001 2750 meas,
1019 2700 1115 2764 neqve
1128 2701 1183 2763 pro
1198 2700 1276 2743 nunc

2 2741 8 2833 i
72 2790 154 2853 aliud
173 2809 228 2852 sua
246 2787 395 2851 serenitas
410 2786 506 2868 jubet,
530 2808 616 2872 qvam
634 2795 666 2853 ut
688 2809 758 2872 per
774 2787 1154 2871 Constantinopolim
1179 2808 1275 2850 oam-

3 2836 8 2982 i
71 2895 178 2961 bium
207 2895 327 2959 omnino
352 2894 477 2957 ulterius
494 2914 612 2980 quoquc
629 2897 830 2968 continuetur,
847 2896 898 2959 ubi
912 2897 974 2977 jam
991 2896 1096 2960 modus
1120 2896 1274 2960 ordinatus

4 2993 6 3003 .
74 3009 220 3077 essetet
247 3001 461 3065 sidominus
486 3002 717 3066 Desalleurs
749 3000 897 3066 ibidem
925 3002 1060 3071 fuerit,
1092 3021 1128 3064 eo
1161 3001 1275 3066 firmius

74 3112 133 3176 boc
166 3112 323 3192 negotium
361 3103 503 3173 cambii
541 3111 734 3194 procedet
770 3130 841 3193 per
881 3108 1275 3192 Constantinopolim.

75 3219 109 3282 Si
149 3237 229 3303 qvae
273 3237 343 3280 vero
392 3237 528 3280 summa
576 3219 796 3282 Dantiscum
842 3219 1079 3288 mitteretur,
1124 3221 1171 3279 est
1215 3217 1276 3298 jam

2 3383 4 3406 ,
77 3325 118 3389 ibi
139 3325 263 3410 quidam
285 3324 463 3386 Andreas
495 3323 634 3396 Smidt,
668 3327 728 3408 qui
760 3327 979 3389 cautionem
1010 3343 1166 3407 quoque
1189 3323 1277 3386 suffi-

2 3436 4 3492 5
77 3435 210 3497 cientem
226 3431 318 3494 faciet
335 3451 406 3494 suae
422 3430 587 3495 Serenitati
603 3432 647 3494 de
664 3451 803 3496 summa
820 3431 863 3496 ad
886 3432 1039 3495 eundem
1056 3431 1274 3512 dirigenda,

2 3578 4 3609 r
76 3541 308 3622 necessitasque
333 3539 451 3600 omnino
476 3559 530 3621 pro
557 3558 635 3601 nuno
653 3547 747 3609 certa,
764 3544 794 3604 et
816 3540 932 3601 maximi
948 3540 1090 3602 momenti
1105 3559 1139 3600 se
1157 3537 1274 3610 obtulit,

77 3652 109 3710 ut
146 3649 301 3710 centum
339 3645 458 3708 millia
486 3645 866 3709 florenirbenenses
899 3645 1074 3709 Dantisci
1099 3647 1273 3708 autBer·

2 3782 4 3840 ῃ
78 3755 146 3818 lini
189 3755 228 3816 in
265 3753 424 3815 Prussia
471 3752 771 3834 deponerentur.
818 3751 899 3816 Velit
935 3753 1061 3835 proinde
1104 3751 1273 3816 Dominatio

79 3863 188 3926 Vestra
213 3880 338 3923 eorem
363 3859 509 3942 dirigere,
533 3863 567 3922 ut
590 3859 648 3922 hoc
673 3857 887 3942 quodammodo
912 3858 1069 3923 effectuari
1093 3859 1198 3940 possit.

1 3949 2 3954 ἵ
168 3967 330 4033 Caeterum
346 3987 382 4029 ex
398 3987 455 4050 qvo
474 3966 644 4029 Dominatio
661 3967 768 4030 Vestra
781 3972 894 4028 certam
909 3985 972 4049 prae
988 3965 1125 4028 manibus
1142 3965 1205 4027 suis
1222 3965 1276 4028 ad-

1 4155 2 4169 *
76 4077 134 4140 buc
152 4075 285 4139 existere
302 4094 444 4138 summam
460 4072 614 4144 ootifficnt,
631 4074 744 4137 hicce
772 4094 909 4138 cursor
926 4073 1007 4159 (qui
1029 4093 1045 4135 a
1076 4093 1140 4135 sua
1171 4093 1276 4136 sere·

2 4193 3 4200 ’
80 4181 833 4264 nitatecapitaneatusofficiodonatus
863 4181 943 4264 est)
969 4180 1275 4260 assignationem

82 4291 121 4354 ad
160 4289 340 4352 florenos
377 4275 592 4351 rhenenses
631 4289 712 4360 150,
752 4288 790 4350 id
823 4295 881 4353 est
913 4295 1059 4352 centum
1091 4287 1276 4370 quinqua-

1 4463 2 4476 }
83 4399 190 4479 ginta
224 4395 473 4479 presentabit
509 4415 576 4478 pro
609 4416 667 4469 se;
700 4415 758 4458 non
800 4396 878 4458 enim
909 4395 1075 4461 notificavit
1106 4394 1275 4457 Dominatio

1 4489 2 4522 ³
85 4505 199 4574 Vestra,
223 4502 352 4589 qualiter
374 4521 440 4564 cum
462 4501 529 4585 ipso
554 4502 749 4574 concluserit,
767 4502 961 4566 ducentos
989 4501 1273 4587 quinquaginta
