3036 5086
1230 427 1280 498 ee

89 600 229 668 moverat,
256 595 303 658 vel
327 594 437 659 electio
454 594 581 677 alicujus
599 593 703 658 Poloni
720 592 810 656 rebus
827 591 947 676 gallicis
963 594 1060 656 minus
1077 593 1206 658 laventis
1224 592 1280 657 dc·

91 703 181 767 disset
196 703 294 767 Sveco
312 704 523 778 occasionem,
547 708 579 766 ct
601 703 732 768 rationes
750 699 914 765 recedendi
931 699 969 763 ab
985 701 1203 765 intentionibus
1219 702 1282 766 suis

92 831 160 894 quas
175 813 204 874 in
219 811 351 895 Imperio
368 816 472 875 eontra
485 811 602 875 domum
614 810 805 874 Austriacam
816 808 1025 882 meditabatur,
1043 813 1074 872 et
1087 810 1145 874 hoc
1157 811 1281 874 multum

91 939 158 982 sane
173 919 249 1001 Regi
265 917 525 983 christianissimo
542 921 706 983 nocuisset.
731 917 808 1000 Quia
828 936 900 981 vero
925 917 972 980 his
984 915 1047 997 jam
1062 937 1119 1000 per
1134 937 1282 1000 praesen-

90 1033 145 1091 tem
156 1032 312 1092 tractatum
325 1034 517 1113 praeventum
530 1033 586 1101 est,
606 1028 633 1090 si
651 1031 741 1112 prout
758 1026 820 1090 Dus
834 1026 873 1091 dc
885 1025 1066 1090 Bezenwald
1079 1025 1281 1090 Serenissimo

90 1137 319 1222 Transylvaniae
336 1138 468 1223 Principi
485 1136 566 1200 datis
582 1137 635 1201 29.
654 1137 773 1219 augusti
786 1133 883 1200 literis
901 1135 1036 1216 scripsit,
1048 1133 1178 1199 Svecum
1195 1138 1280 1198 trae·

89 1249 176 1310 tatum
192 1267 278 1310 suum
295 1266 363 1310 cum
384 1246 572 1329 Imperatore
595 1244 730 1308 totaliter
746 1243 896 1315 finivisse,
918 1262 977 1306 non
1000 1245 1102 1327 potest
1123 1242 1176 1306 ille
1199 1241 1279 1306 llun·

89 1373 172 1436 garos
187 1355 331 1418 incusare
347 1373 404 1418 nec
421 1375 456 1416 se
473 1353 550 1436 Regi
568 1351 826 1417 christianissimo
844 1370 1001 1423 excusare,
1018 1350 1099 1435 quod
1115 1351 1215 1416 Mosei
1231 1360 1282 1417 aut

89 1482 141 1525 nos
155 1483 223 1524 suas
239 1462 423 1524 intentiones
440 1461 702 1545 impediuerimus,
719 1463 777 1524 imo
794 1457 962 1544 apparebit,
979 1479 1047 1523 eum
1064 1479 1100 1523 er
1117 1460 1280 1525 constituto

89 1571 174 1635 rebus
190 1569 313 1654 gallicis
330 1569 433 1634 lavere
449 1589 508 1632 non
525 1569 669 1633 voluisse.
694 1568 732 1632 ut
748 1570 903 1656 quaeritur
918 1567 990 1652 quid
1002 1568 1155 1650 llungaria
1168 1589 1184 1631 a
1196 1569 1281 1652 Rege

88 1680 209 1744 Sreciae
227 1679 291 1760 jam
318 1678 495 1761 Imperatori
523 1677 721 1742 reconciliato
755 1681 858 1762 potest
888 1676 1080 1740 emolumenti
1107 1681 1280 1761 expectare.

88 1789 208 1854 Videtur
225 1807 335 1870 magna
352 1789 550 1851 contrarietas
568 1807 639 1850 esse
655 1788 685 1850 in
701 1786 798 1851 literis
815 1786 872 1849 Dni
887 1785 1060 1850 Bezenvald
1069 1807 1078 1860 ;
1095 1786 1146 1850 ll.
1161 1789 1281 1870 augusti

88 1896 162 1961 dicto
179 1897 243 1960 8¹²⁰.
262 1895 395 1978 Principi
417 1894 541 1978 scripsit
564 1894 729 1960 Succorum
752 1895 867 1976 Regem
891 1895 929 1958 ad
952 1896 1105 1978 rupturam
1122 1899 1153 1958 et
1169 1894 1280 1960 bellum

88 2009 184 2067 contra
202 2003 322 2068 domum
338 2003 525 2066 Austriacam
541 2003 742 2066 inchoandum
760 2002 855 2084 magis
871 2001 1029 2075 inclinare,
1046 2021 1135 2086 quam
1158 2002 1196 2066 ad
1218 2009 1280 2067 ter-

87 2111 234 2176 minandas
258 2109 426 2174 amabiliter
449 2111 677 2194 praetensiones
702 2131 772 2174 suas
788 2114 892 2176 contra
909 2109 1021 2175 dictam
1037 2109 1156 2175 domum
1172 2115 1279 2185 motas,

86 2221 305 2301 resolutumque
314 2238 384 2282 esse
393 2222 425 2282 ut
435 2238 506 2302 pars
519 2220 670 2283 exercitus
679 2217 761 2306 (Pol.
771 2215 832 2303 32)
843 2218 1041 2284 Sveeicicum
1049 2219 1115 2284 [luo
1127 2217 1279 2284 Generale

85 2328 275 2412 berenhaupt
291 2329 321 2390 in
337 2327 490 2391 Poloniam
507 2329 686 2401 mitteretur,
705 2347 777 2412 pars
793 2347 866 2393 vero
882 2327 977 2408 major
993 2347 1051 2392 una
1069 2347 1137 2392 oum
1152 2347 1228 2410 rege
1244 2329 1276 2391 in

85 2438 290 2501 haereditariis
314 2437 505 2521 imperatoris
527 2437 693 2521 provinciis
715 2442 895 2500 remaneret.
922 2435 1179 2500 Considerandum
1206 2456 1280 2501 sane

87 2547 129 2607 est
142 2549 191 2608 aut
207 2541 423 2608 continuabunt
440 2544 531 2609 Sreci
553 2542 676 2627 publice
698 2549 802 2628 partes
825 2543 953 2626 gallicas
973 2545 1080 2624 tutari,
1109 2548 1140 2608 et
1167 2543 1279 2609 bellum

88 2651 242 2714 movebunt
258 2650 289 2712 in
306 2649 442 2733 imperio,
467 2656 517 2715 aut
532 2649 703 2735 posthabita
721 2649 838 2714 Galliae
853 2651 970 2715 ratione
986 2649 1127 2716 redibunt
1142 2654 1173 2716 in
1189 2652 1279 2717 Polo·

25 2809 30 2832 ,
88 2761 157 2823 uiam
184 2759 298 2823 bellum
327 2765 430 2823 eontra
458 2760 580 2823 Moscos
602 2759 732 2842 integris
757 2759 875 2825 viribus
898 2761 1109 2825 continuaturi.
1140 2761 1279 2844 Quodsi

87 2868 191 2933 sacient
203 2870 290 2952 prius
304 2869 505 2950 negotiatione
520 2868 682 2932 Varsoviae
694 2871 773 2932 inter
783 2867 910 2933 Czarum
923 2874 954 2932 et
965 2868 1123 2954 Hungaros
1137 2869 1278 2935 conclusa

88 2977 224 3042 ambobus
241 2977 369 3060 regibus
387 2977 514 3044 Sveoiae
531 2983 562 3042 et
578 2975 695 3042 Galliae
711 2980 835 3062 plaeere
852 2977 962 3050 debet,
980 2980 1027 3043 sin
1042 2981 1156 3045 sacient
1171 2985 1276 3066 poste·

88 3089 160 3162 rius3
182 3091 213 3150 at
235 3086 343 3150 saltem
365 3107 418 3151 sua
446 3087 517 3150 ΜΨ.
544 3087 802 3151 christianissima
827 3087 937 3152 bonam
958 3088 989 3153 iu
1013 3109 1048 3153 se
1070 3087 1278 3171 Hungarorum

89 3193 263 3258 voluntatem
279 3197 311 3257 et
325 3194 508 3260 intentiones
524 3197 556 3259 in
567 3195 726 3260 utilitatem
739 3196 819 3260 Suae
831 3193 897 3259 ΜΨ.
915 3198 1004 3261 unice
1021 3197 1152 3261 directas
1166 3217 1278 3282 appro-

91 3304 188 3370 batura
204 3305 297 3368 foret.

169 3415 245 3477 Post
270 3413 399 3476 reditum
417 3435 508 3501 usuae
535 3414 742 3479 Excellentiae
770 3413 848 3477 S¹¹¹¹'¹.
878 3413 1025 3497 Princeps
1047 3433 1223 3497 expressum
1241 3435 1278 3479 ex

88 3524 143 3588 suis
158 3524 196 3587 ad
219 3523 312 3586 Suam
336 3521 415 3585 M‘ffl.
433 3522 719 3588 christianissimam
741 3509 900 3606 expediet,
918 3526 949 3586 et
963 3526 1124 3586 tractatum
1144 3523 1223 3588 hunc
1240 3544 1277 3588 ex

89 3631 269 3697 fundamento
286 3629 367 3694 Suae
382 3627 445 3694 lit.
463 3631 637 3697 notificabit.
654 3632 696 3696 lta
719 3632 772 3696 ille
789 3632 949 3696 conclusus
967 3635 1023 3703 est,
1040 3635 1072 3695 ut
1088 3629 1277 3696 sufficientes

90 3740 191 3804 babeat
208 3740 271 3805 Sua
288 3739 361 3803 blm.
387 3742 537 3814 rationes,
562 3742 600 3806 ad
621 3740 842 3826 cooperandum
867 3742 947 3803 inter
969 3737 1090 3803 Moscos
1114 3743 1145 3804 et
1161 3739 1278 3804 Svecos

91 3870 203 3933 pacem;
232 3854 265 3912 ut
293 3849 400 3912 exinde
422 3850 552 3914 amicitia
577 3854 608 3914 et
631 3849 784 3931 colligatio
807 3851 885 3913 inter
913 3848 1071 3930 ilungaros
1092 3848 1223 3912 Polonos
1248 3854 1278 3912 et

92 3956 207 4023 duarum
224 3961 329 4022 contra
346 3957 561 4044 Imperatorem
578 3962 705 4032 emanet,
723 3962 753 4021 et
769 3957 795 4021 si
808 3957 927 4042 quidem
943 3962 1084 4042 punctum
1097 3956 1277 4020 fundamen⁴

91 4065 143 4131 tale
162 4069 250 4132 huius
272 4071 419 4131 tractatus
444 4069 484 4132 sit
505 4067 649 4150 obligatio
671 4064 758 4130 Cauri
781 4066 817 4129 ad
832 4065 994 4149 juvandum
1010 4063 1277 4130 omnibnsviribus

93 4195 151 4240 eum
166 4197 255 4261 quem
271 4176 332 4240 Sua
350 4175 423 4239 blm.
448 4177 477 4238 in
495 4195 599 4258 regem
623 4173 776 4257 Hungriae
800 4173 994 4256 designatura
1017 4179 1078 4248 est;
1102 4174 1180 4238 dicta
1201 4193 1278 4256 pace

93 4282 145 4347 Sua
159 4283 231 4347 ΜΨ.
250 4283 461 4369 cooperabitur
473 4285 531 4348 hoc
541 4288 571 4347 et
583 4284 705 4355 certius,
718 4283 798 4368 quod
811 4283 927 4347 Sveeus
948 4282 1077 4348 debebat
1089 4283 1118 4345 in
1132 4282 1278 4346 rationem

94 4411 151 4474 epus
170 4413 298 4478 operam.
