3040 5082
1168 423 1245 495 tce

53 652 253 718 llesclutio
279 674 376 717 suae
403 651 770 717 Christianissimae
794 649 859 715 ΜΨ.
882 651 925 716 ad
951 656 1168 717 reiteratas
1190 671 1248 716 re·

53 763 400 844 praesentationes
417 781 517 824 meas
535 758 710 832 suaerat,
730 762 881 825 nomine
898 757 999 826 scr¹¹¹¹.
1017 763 1090 825 mei
1108 761 1249 825 domini

110 870 257 942 factas,
285 870 349 932 die
372 871 564 950 vigesima
590 871 732 954 quinta
756 869 856 952 Julij
883 869 969 933 1710
996 875 1178 936 emanata.

133 1029 295 1115 Siquidem
306 1031 370 1112 jam
385 1037 416 1094 et
431 1052 486 1115 per
502 1031 586 1115 ipsas
603 1051 677 1095 suae
693 1031 970 1095 christianissimae
986 1027 1053 1094 ΜΨ.
1071 1029 1108 1094 ad
1125 1030 1250 1094 Portam

55 1137 266 1203 Ottomanicam
284 1141 439 1202 existentis
452 1141 582 1203 oratoris
599 1141 762 1203 relationes
779 1140 924 1203 resolutio
939 1140 1024 1221 regis
1038 1139 1167 1204 Sreciae
1179 1144 1250 1202 nota

54 1245 100 1318 sit,
115 1252 146 1308 rt
157 1267 272 1330 nempe
285 1267 342 1329 pax
354 1248 421 1330 ejus
435 1267 501 1312 cum
515 1254 615 1310 restra
629 1246 741 1311 Csarea
758 1247 821 1315 ΜΨ.
838 1248 1045 1312 concludenda
1060 1268 1118 1332 per
1134 1247 1251 1310 media-

54 1355 153 1418 tionem
170 1352 323 1419 snserit.
334 1354 610 1420 Christianissimae
625 1362 782 1430 tractetur,
799 1356 1061 1422 restraeCsareae
1072 1353 1126 1419 ΜΨ.
1139 1357 1246 1420 titulus

56 1461 217 1546 Imperialis
236 1461 305 1526 ΜΨ.
323 1464 412 1528 detur
425 1469 456 1528 et
471 1471 573 1528 restra
587 1462 698 1528 Osarea
711 1463 783 1527 ΜΨ.
800 1465 829 1528 in
846 1464 975 1529 futuram
991 1465 1144 1548 generalis
1161 1463 1248 1548 pacis

57 1571 274 1636 conclusionem
286 1573 569 1655 comprehendatur.
588 1571 762 1636 Gratulatur
774 1573 834 1636 sibi
850 1593 902 1636 rex
918 1571 1194 1637 christianissimus
1212 1571 1252 1635 de

57 1679 146 1742 oblata
170 1681 231 1744 bac
260 1680 428 1753 oblatione,
457 1703 515 1763 qua
539 1682 692 1744 sincerum
717 1703 802 1744 suum
826 1681 981 1754 affectum,
1006 1700 1064 1765 quo
1083 1681 1120 1744 ab
1136 1681 1205 1744 olim
1222 1679 1253 1742 in

56 1783 115 1849 ΜΨ.
127 1789 408 1852 restraeutilitates
417 1790 545 1860 ducitur,
558 1790 682 1852 realiter
688 1788 1001 1873 comprobarepossit.
1010 1788 1252 1874 acceptatideo-

57 1915 110 1980 pac
120 1917 173 1960 sua
187 1897 261 1960 ΜΨ.
276 1895 536 1961 christianissima
555 1897 763 1961 mediationem
780 1897 866 1981 pacis
882 1897 962 1961 inter
976 1897 1056 1960 ΜΨ.
1074 1904 1205 1960 vestram
1223 1898 1254 1958 et

56 2021 153 2081 regem
166 2003 300 2068 Sveciac
311 2004 448 2076 initurae,
464 2023 589 2087 eamque
606 2003 704 2067 medio
718 2001 807 2066 ser¹”¹.
825 2005 974 2087 principis
991 2005 1050 2067 mei
1063 2001 1120 2066 ΜΨ.
1133 2008 1254 2068 restrae

58 2108 138 2172 affert
149 2116 181 2172 et
196 2131 267 2174 cum
286 2111 325 2174 de
341 2112 599 2196 propositionibus
616 2111 877 2196 praeliminaribus
893 2133 929 2176 ex
945 2119 1032 2196 parte
1045 2108 1113 2175 ΜΨ.
1131 2118 1255 2176 vestrae

57 2219 117 2298 regi
142 2217 277 2282 Sreciae
292 2219 496 2302 proponendis
512 2221 610 2284 medic
627 2222 686 2284 mei
703 2220 924 2291 certiorabitur.
942 2220 1085 2305 expediet
1106 2225 1255 2284 oratorem

58 2345 136 2387 saum
152 2326 192 2388 ad
210 2326 426 2390 elaborandam
439 2329 516 2394 hanc
529 2347 634 2413 pacem
652 2335 786 2410 rogatam
800 2335 974 2412 eapropter
989 2328 1088 2392 medio
1104 2327 1256 2411 principis

58 2429 365 2498 ser'ldl‘ffimestram
382 2437 445 2500 vult
463 2457 533 2500 esse
550 2457 604 2500 sua
621 2435 695 2498 ΜΨ.
715 2435 857 2517 dignetur
878 2457 912 2499 se
939 2437 1009 2500 ΜΨ.
1035 2443 1136 2501 vestra
1161 2455 1254 2521 super

59 2539 282 2620 praeliminaria
298 2551 409 2626 puncta
425 2543 511 2627 pacis
529 2543 703 2608 tractandae
716 2543 814 2608 locum
827 2547 859 2607 et
870 2549 989 2626 tempus
1005 2545 1136 2628 positive
1153 2543 1253 2606 resol-

58 2666 142 2718 rere,
174 2654 209 2712 ut
239 2651 360 2730 cognita
388 2647 454 2714 ΜΨ.
480 2657 600 2715 restrae
623 2652 789 2714 intentione
813 2669 867 2715 sua
891 2651 965 2714 ΜΨ.
994 2650 1254 2716 christianissima

60 2757 228 2820 conformes
247 2752 317 2820 ΜΨ.
337 2762 458 2822 restrae
482 2757 719 2823 resolutionibus
741 2759 924 2824 ermittendo
947 2763 1060 2822 oratori
1082 2779 1136 2823 suc
1158 2759 1258 2844 possit

59 2859 127 2926 dare
141 2863 371 2929 instructiones.
548 2862 550 2866 ’

146 2971 234 3058 (Ful.
253 2971 326 3056 12.)
344 2973 429 3054 Quod
445 2993 517 3038 vero
534 2975 641 3038 attinet
656 2975 954 3039 confoederationem
970 2978 1050 3040 inter
1064 2979 1184 3040 vestras
1196 2976 1257 3039 lm·

59 3079 200 3161 periclem
218 3087 250 3144 et
262 3079 548 3146 Christianissimam
562 3079 645 3154 ΜΨ,
662 3083 830 3161 gratulatur
847 3087 936 3147 etiam
952 3105 1005 3147 sua
1018 3083 1090 3146 ΜΨ.
1108 3083 1258 3147 Christia-

60 3189 179 3252 nissima
191 3189 262 3265 sibi,
276 3197 308 3252 ut
317 3189 386 3252 ΜΨ.
398 3195 499 3252 vestra
512 3189 652 3254 meliores
666 3191 704 3253 de
717 3211 771 3254 sua
780 3191 841 3254 ΜΨ.
851 3189 1107 3256 christianissima
1123 3191 1257 3255 atrebas

62 3294 122 3375 ejus
146 3299 324 3380 conceperit
349 3299 522 3381 opiniones,
542 3318 629 3382 quam
653 3298 817 3382 apparebat
834 3321 907 3362 suae
926 3296 982 3364 ΜΨ.
1002 3305 1072 3364 aute
1097 3299 1155 3364 boc
1176 3299 1257 3363 ΜΨ.

61 3411 189 3468 vestram
203 3405 357 3470 babuisse.
371 3405 482 3470 Honori
496 3407 578 3470 ducit
594 3427 673 3478 esse,
690 3407 986 3472 confoederationem
1000 3428 1067 3472 cum
1080 3407 1141 3470 ΜΨ.
1155 3413 1256 3471 vestra

62 3512 136 3576 inire
153 3520 184 3576 et
196 3514 233 3576 ad
248 3514 474 3578 contestandum
489 3514 599 3577 sinceri
611 3516 658 3576 sui
672 3514 798 3578 affectus
810 3515 940 3596 signum,
955 3535 1012 3600 quo
1026 3515 1259 3580 eonfoederatus

65 3625 92 3680 et
107 3619 229 3683 alliatus
242 3621 355 3684 amicus
363 3619 426 3684 vult
435 3641 504 3683 esse
516 3617 584 3684 ΜΨ.
600 3629 720 3686 vestrae
733 3627 764 3686 et
777 3622 813 3685 ad
827 3623 1090 3686 demonstrandam
1105 3623 1257 3686 existuma-

64 3727 173 3792 tionem
186 3747 245 3812 qua
259 3747 313 3790 sua
322 3728 578 3792 Christianissina
587 3729 656 3792 ΜΨ.
666 3730 697 3792 in
709 3737 822 3794 serm.
835 3749 933 3795 meum
947 3731 1115 3814 principem
1128 3730 1258 3803 ducitur,

64 3843 200 3918 acceptat
215 3838 454 3920 propositionem
485 3857 559 3900 suae
586 3835 643 3902 ΜΨ.
673 3858 729 3921 per
756 3847 869 3904 sermm.
898 3840 1067 3924 principem
1090 3841 1199 3902 factam
1217 3837 1256 3900 de

64 3943 215 4010 afferenda
227 3942 285 4008 ΜΨ.
298 3950 419 4010 restrae
431 3947 584 4026 generalis
596 3948 681 4031 pacis
694 3947 876 4012 mediatione
892 3949 1112 4034 requisivitque
1126 3967 1178 4010 sua
1187 3946 1258 4009 ΜΨ.

64 4071 147 4114 suam
163 4054 367 4123 serenitatem,
383 4059 415 4116 ut
430 4053 507 4116 velit
523 4075 574 4118 sua
593 4057 740 4119 serenitas
753 4057 871 4120 nomine
885 4077 958 4120 suae
977 4053 1048 4118 ΜΨ.
1063 4055 1163 4118 dictae
1175 4052 1260 4138 pacis

65 4162 217 4239 generalis
235 4164 455 4250 interregnum
474 4160 591 4224 Galliae
608 4167 637 4224 et
653 4161 771 4226 alliatos
789 4164 854 4246 ejus
872 4183 908 4226 ex
924 4184 980 4226 una
997 4163 1152 4246 alteraque
1174 4166 1260 4244 parte

65 4267 144 4332 inter
158 4269 321 4332 Romanum
336 4269 494 4354 imperium
519 4273 549 4332 et
565 4270 683 4334 domum
699 4271 888 4336 Austriacam
906 4291 972 4336 cum
990 4269 1126 4334 omnibus
1149 4268 1261 4332 alliatis

68 4380 97 4438 et
124 4376 188 4457 ejus
214 4377 438 4442 confoederatis
460 4379 606 4442 ineundae
629 4378 840 4444 mediationem
865 4377 919 4443 ΜΨ.
937 4383 1056 4444 restrae
1080 4377 1200 4449 offerre,
1229 4384 1262 4441 ut

68 4483 155 4566 hujus
167 4484 335 4569 duplicatae
346 4485 535 4548 mediationis
548 4485 667 4550 vinculo
681 4490 816 4561 amititia,
826 4487 985 4552 sinceritas
998 4491 1028 4548 et
1036 4484 1261 4549 confoederatio

69 4591 149 4656 inter
164 4594 235 4657 ΜΨ.
254 4600 371 4659 vestras
388 4592 517 4658 ineunda
535 4595 566 4656 in
583 4601 738 4659 aeternum
755 4595 945 4659 stabilitetur.

990 4703 1042 4754 13Ψ
